<?xml version="1.0" encoding="UTF-8"?>
<AuditFile xmlns="http://schemas.nav.gov.hu/SAFT_HU/1.0"
 xmlns:xsi="http://www.w3.org/2001/XMLSchema-instance"
 xsi:schemaLocation="http://schemas.nav.gov.hu/SAFT_HU/1.0 SAFTHU_Sales_Invoices_Lines.xsd"
 xmlns:doc="urn:schemas-OECD:schema-extensions:documentation">
    <Header>
        <AuditFileVersion>1_00</AuditFileVersion>
        <AuditFileDateCreated>2020-02-01</AuditFileDateCreated>
        
        <!-- Refers an existing AuditID (audit case from central systems) and TOC (submission "wave") -->
        <AuditID>NAV_2019_2983</AuditID>
        <TOCID>NAV_TOC_12981273</TOCID>
        
        <!-- Name of the software company that GENERATED the SAFT -->
        <SoftwareCompanyName>MAGSOFT</SoftwareCompanyName>
        <SoftwareID>MAGSOFT SAFT Generator</SoftwareID>
        <SoftwareVersion>1.5</SoftwareVersion>
        
        <!-- Name of the software company that developed the accounting program, 
             ERP or software from where the data is coming from -->
        <DataSourceCompanyName>SAPHIRE</DataSourceCompanyName>
        <DataSourceSystem>SAPHIRE ERP</DataSourceSystem>
        <DataSourceSystemVersion>3.1</DataSourceSystemVersion>
        
        <Company>
            <Name>MAGYAR RETAIL</Name>
            <Address>
                <DetailedAddress>
                    <CountryCode>HU</CountryCode>
                    <Region>Budapest</Region>
                    <PostalCode>1007</PostalCode>
                    <City>Budapest</City>
                    <StreetName>Kárpát utca</StreetName>
                    <PublicPlaceCategory>udvar</PublicPlaceCategory>
                    <Number>999</Number>
                    <Building>1</Building>
                    <Staircase>2</Staircase>
                    <Floor>3</Floor>
                    <Door>6</Door>
                    <LotNumber>12</LotNumber>
                    <Website>www.magyarretail.hu</Website>
                </DetailedAddress>
            </Address>
            <Contact>
                <ContactPerson>
                    <Title>Mr.</Title>
                    <FirstName>Viktor</FirstName>
                    <LastNamePrefix>Nagy</LastNamePrefix>
                    <LastName>Barko</LastName>
                </ContactPerson>
                <Telephone>+36 80 400-400</Telephone>
                <Fax>+36 80 400-500</Fax>
                <Email>viktor.barko@magyarretail.hu</Email>
            </Contact>
            <DocumentationAddress>
                <SimpleAddress>
                    <CountryCode>HU</CountryCode>
                    <Region>Budapest</Region>
                    <PostalCode>1007</PostalCode>
                    <City>Budapest</City>
                    <AdditionalAddressDetail>Kárpát utca 999</AdditionalAddressDetail>
                </SimpleAddress>
            </DocumentationAddress>
            <BankAccount>
                <BankAccountNumber>111110180000000</BankAccountNumber>
                <BankAccountName>BANKACC11111</BankAccountName>
            </BankAccount>
            <TaxNumber>1887654467</TaxNumber>
            <EUVATNumber>HU887654467</EUVATNumber>
            <GroupVATNumber>1887654467</GroupVATNumber>
            <GroupCorpTaxNumber>1887654467</GroupCorpTaxNumber>
        </Company>
        
        <DefaultCurrencyCode>HUF</DefaultCurrencyCode>
        
        <!-- The selection criteria used to generate the data set -->
        <SelectionCriteria>
            
            <!-- Fiscal Calendar of the company on the moment of the file generation -->
            <FiscalCalendar>
                <FiscalCalendarStartDate>2019-01-01</FiscalCalendarStartDate>
                <FiscalCalendarEndDate>2019-12-31</FiscalCalendarEndDate>
            </FiscalCalendar>
            
            <SelectionStartDate>2019-01-01</SelectionStartDate>
            <SelectionEndDate>2019-12-31</SelectionEndDate>
            
            <PeriodStart>1</PeriodStart>
            <PeriodEnd>12</PeriodEnd>
            <PeriodYear>2019</PeriodYear>
            
        </SelectionCriteria>
        
        <HeaderComment>Some remarks</HeaderComment>
        <TaxEntity>Budapest</TaxEntity>
        
        <FileContentType>SI</FileContentType>
        
        <NumberOfParts>1</NumberOfParts>
        <PartNumber>1</PartNumber>
        
    </Header>
    
    <!--  -->
    <!-- Transactional Data -->
    <!--  -->
    
    
    <TransactionalData>
        
        
        <!-- SI Lines -->
        
        <SalesInvoicesLines>
            
            <NumberOfLinesEntries>1</NumberOfLinesEntries>
            
            <TotalDebit>0</TotalDebit>
            <TotalCredit>100</TotalCredit>
            
            <Line>
                <InvoiceNo>INV001</InvoiceNo>
                <LineNumber>1</LineNumber>
                <AccountID>711</AccountID>
                
                <Analysis>
                    <AnalysisType>PRO</AnalysisType>
                    <AnalysisID>PRGRC</AnalysisID>
                    <AnalysisAmount>
                        <Amount>100</Amount>
                        <CurrencyCode>HUF</CurrencyCode>
                        <CurrencyAmount>100</CurrencyAmount>
                    </AnalysisAmount>
                </Analysis>
                       
                <References>
                    <DocumentReferenceType>OR</DocumentReferenceType>
                    <DocumentReferenceDate>2019-01-10</DocumentReferenceDate>
                    <DocumentReference>PO001</DocumentReference>
                    <Reason>No Reason</Reason>
                </References>
                
                <!-- Multiple delivery points -->
                
                <ShipTo>
                    <DeliveryID>DEL002</DeliveryID>
                    <DeliveryDate>2019-01-14</DeliveryDate>
                    <WarehouseID>NA</WarehouseID>
                    <Address>
                        <SimpleAddress>
                            <CountryCode>HU</CountryCode>
                            <Region>Budapest</Region>
                            <PostalCode>1007</PostalCode>
                            <City>Budapest</City>
                            <AdditionalAddressDetail>Kárpát utca 999</AdditionalAddressDetail>
                        </SimpleAddress>
                    </Address>
                </ShipTo>
                
                <ShipFrom>
                    <DeliveryID>DEL002</DeliveryID>
                    <DeliveryDate>2019-01-14</DeliveryDate>
                    <WarehouseID>WH001</WarehouseID>
                    <Address>
                        <SimpleAddress>
                            <CountryCode>HU</CountryCode>
                            <Region>Budapest</Region>
                            <PostalCode>1007</PostalCode>
                            <City>Budapest</City>
                            <AdditionalAddressDetail>Kárpát utca 999</AdditionalAddressDetail>
                        </SimpleAddress>
                    </Address>
                </ShipFrom>
                
                <GoodsServicesID>P</GoodsServicesID>
                <ProductCode>AiHjwa5Ry16EybXRZtLJwv6YbL</ProductCode>
                <ProductDescription>mFBo21NsFz8JYTRK-UJpm.14p6luJAt72HeQVL86b4XQNkFeHOCEmw5-1KGc1n</ProductDescription>
                
                <Delivery>
                    
                    <!-- The delivery can have multiple movement of goods, or one Delivery date or one Delivery period -->
                    <MovementReference>Nda5FQb0syzTCK</MovementReference>
                    <MovementReference>D6aaxyVN1nqXvCw0X</MovementReference>
                    
                </Delivery>
                
                <Quantity>10</Quantity>
                <InvoiceUOM>LTR</InvoiceUOM>
                <UOMToUOMBaseConversionFactor>1</UOMToUOMBaseConversionFactor>
                <UnitPrice>10</UnitPrice>
                <TaxPointDate>2019-01-15</TaxPointDate>
                <Description>Milky Milk</Description>
                
                <InvoiceLineAmount>
                    <Amount>100</Amount>
                    <CurrencyCode>HUF</CurrencyCode>
                    <CurrencyAmount>100</CurrencyAmount>
                    <ExchangeRate>1</ExchangeRate>
                </InvoiceLineAmount>
                
                <DebitCreditIndicator>C</DebitCreditIndicator>
                
                <ShippingCostsAmount>
                    <Amount>3</Amount>
                    <CurrencyCode>HUF</CurrencyCode>
                    <CurrencyAmount>10</CurrencyAmount>
                </ShippingCostsAmount>
                
                <TaxInformation>
                    <TaxType>104</TaxType>
                    <TaxCode>VAT27</TaxCode>
                    <TaxPercentage>27</TaxPercentage>
                    <TaxBase>100</TaxBase>
                    <TaxBaseDescription>Amount</TaxBaseDescription>
                    <TaxAmount>
                        <AmountHUF>10</AmountHUF>
                        <Amount>27</Amount>
                        <CurrencyCode>HUF</CurrencyCode>
                        <CurrencyAmount>27</CurrencyAmount>
                    </TaxAmount>
                    <TaxExemptionReason>Reason according to law</TaxExemptionReason>
                    <TaxDeclarationPeriodType>M</TaxDeclarationPeriodType>
                    <TaxDeclarationPeriod>2019-05</TaxDeclarationPeriod>
                </TaxInformation>
                
                <TaxInformation>
                    <TaxType>104</TaxType>
                    <TaxCode>A_SURTAX</TaxCode>
                    <TaxPercentage>10</TaxPercentage>
                    <TaxBase>100</TaxBase>
                    <TaxBaseDescription>Alcohol</TaxBaseDescription>
                    <TaxAmount>
                        <AmountHUF>10</AmountHUF>
                        <Amount>10</Amount>
                        <CurrencyCode>HUF</CurrencyCode>
                        <CurrencyAmount>10</CurrencyAmount>
                    </TaxAmount>
                    <TaxExemptionReason>Reason according to law</TaxExemptionReason>
                    <TaxDeclarationPeriodType>M</TaxDeclarationPeriodType>
                    <TaxDeclarationPeriod>2019-05</TaxDeclarationPeriod>
                </TaxInformation>
                
            </Line>
            
        </SalesInvoicesLines>
 
    </TransactionalData>
 
</AuditFile>
