<?xml version="1.0" encoding="UTF-8"?>
<AuditFile xmlns="http://schemas.nav.gov.hu/SAFT_HU/1.0"
 xmlns:xsi="http://www.w3.org/2001/XMLSchema-instance"
 xsi:schemaLocation="http://schemas.nav.gov.hu/SAFT_HU/1.0 SAFT_HU_Integrated.xsd"
 xmlns:doc="urn:schemas-OECD:schema-extensions:documentation">
    <Header>
        <AuditFileVersion>1_00</AuditFileVersion>
        <AuditFileDateCreated>2020-02-01</AuditFileDateCreated>
        
        <!-- Refers an existing AuditID (audit case from central systems) and TOC (submission "wave") -->
        <AuditID>NAV_2019_2983</AuditID>
        <TOCID>NAV_TOC_12981273</TOCID>
        
        <!-- Name of the software company that GENERATED the SAFT -->
        <SoftwareCompanyName>MAGSOFT</SoftwareCompanyName>
        <SoftwareID>MAGSOFT SAFT Generator</SoftwareID>
        <SoftwareVersion>1.5</SoftwareVersion>
        
        <!-- Name of the software company that developed the accounting program, 
             ERP or software from where the data is coming from -->
        <DataSourceCompanyName>SAPHIRE</DataSourceCompanyName>
        <DataSourceSystem>SAPHIRE ERP</DataSourceSystem>
        <DataSourceSystemVersion>3.1</DataSourceSystemVersion>
        
        <Company>
            <Name>MAGYAR RETAIL</Name>
            <Address>
                <DetailedAddress>
                    <CountryCode>HU</CountryCode>
                    <Region>Budapest</Region>
                    <PostalCode>1007</PostalCode>
                    <City>Budapest</City>
                    <StreetName>Kárpát utca</StreetName>
                    <PublicPlaceCategory>udvar</PublicPlaceCategory>
                    <Number>999</Number>
                    <Building>1</Building>
                    <Staircase>2</Staircase>
                    <Floor>3</Floor>
                    <Door>6</Door>
                    <LotNumber>12</LotNumber>
                    <Website>www.magyarretail.hu</Website>
                </DetailedAddress>
            </Address>
            <Contact>
                <ContactPerson>
                    <Title>Mr.</Title>
                    <FirstName>Viktor</FirstName>
                    <LastNamePrefix>Nagy</LastNamePrefix>
                    <LastName>Barko</LastName>
                </ContactPerson>
                <Telephone>+36 80 400-400</Telephone>
                <Fax>+36 80 400-500</Fax>
                <Email>viktor.barko@magyarretail.hu</Email>
            </Contact>
            <DocumentationAddress>
                <SimpleAddress>
                    <CountryCode>HU</CountryCode>
                    <Region>Budapest</Region>
                    <PostalCode>1007</PostalCode>
                    <City>Budapest</City>
                    <AdditionalAddressDetail>Kárpát utca 999</AdditionalAddressDetail>
                </SimpleAddress>
            </DocumentationAddress>
            <BankAccount>
                <BankAccountNumber>111110180000000</BankAccountNumber>
                <BankAccountName>BANKACC11111</BankAccountName>
            </BankAccount>
            <TaxNumber>1887654467</TaxNumber>
            <EUVATNumber>HU887654467</EUVATNumber>
            <GroupVATNumber>1887654467</GroupVATNumber>
            <GroupCorpTaxNumber>1887654467</GroupCorpTaxNumber>
        </Company>
        
        <DefaultCurrencyCode>HUF</DefaultCurrencyCode>
        
        <!-- The selection criteria used to generate the data set -->
        <SelectionCriteria>
            
            <!-- Fiscal Calendar of the company on the moment of the file generation -->
            <FiscalCalendar>
                <FiscalCalendarStartDate>2019-01-01</FiscalCalendarStartDate>
                <FiscalCalendarEndDate>2019-12-31</FiscalCalendarEndDate>
            </FiscalCalendar>
            
            <SelectionStartDate>2019-01-01</SelectionStartDate>
            <SelectionEndDate>2019-12-31</SelectionEndDate>
            
            <PeriodStart>1</PeriodStart>
            <PeriodEnd>12</PeriodEnd>
            <PeriodYear>2019</PeriodYear>
            
        </SelectionCriteria>
        
        <HeaderComment>Some remarks</HeaderComment>
        <TaxEntity>Budapest</TaxEntity>
        
        <FileContentType>GL</FileContentType>
        
        <NumberOfParts>2</NumberOfParts>
        <PartNumber>1</PartNumber>
        
    </Header>
    
    <!-- -->
    <!-- MASTER DATA -->
    <!-- -->
    
    <MasterData>
        
        <!-- Journal IDs Definitions -->
        
        <Journals>
            <Journal>
                <JournalID>CC</JournalID>
                <Description>Cost Code</Description>
                <Type>CostAcc</Type>
            </Journal>
            <Journal>
                <JournalID>GE</JournalID>
                <Description>General Ledger Entry</Description>
                <Type>GLEAcc</Type>
            </Journal>
            <Journal>
                <JournalID>RE</JournalID>
                <Description>Revenues</Description>
                <Type>GLEAcc</Type>
            </Journal>
        </Journals>
        
        <!-- Chart of Accounts - General Ledger accounts definition -->
        
        <GeneralLedgerAccounts>
            <AccountingReference>HUCOA</AccountingReference>
            
            <Account>
                <AccountID>1</AccountID>
                <AccountDescription>FIXED ASSETS</AccountDescription>
                <GroupingCategory>S</GroupingCategory>
                <GroupingCode>ROOT</GroupingCode>
                <AccountType>S</AccountType>
                <AccountCreationDate>2019-01-02</AccountCreationDate>
                <OpeningDebitBalance>5727.16</OpeningDebitBalance>
                <ClosingDebitBalance>3509228.87</ClosingDebitBalance>    
                <TotalDebit>3503501.71</TotalDebit>
                <TotalCredit>0</TotalCredit>    
            </Account>
            
                
            <Account>
                <AccountID>11</AccountID>
                <AccountDescription>INTANGIBLE ASSETS</AccountDescription>
                <GroupingCategory>A</GroupingCategory>
                <GroupingCode>1</GroupingCode>
                <AccountType>A</AccountType>
                <AccountCreationDate>2019-01-02</AccountCreationDate>
                <OpeningCreditBalance>5727.16</OpeningCreditBalance>
                <ClosingCreditBalance>3509228.87</ClosingCreditBalance>    
                <TotalDebit>3503501.71</TotalDebit>
                <TotalCredit>0</TotalCredit>    
            </Account>
            
            <Account>
                <AccountID>115</AccountID>
                <AccountDescription>Goodwill</AccountDescription>
                <GroupingCategory>A</GroupingCategory>
                <GroupingCode>11</GroupingCode>
                <AccountType>A</AccountType>
                <AccountCreationDate>2019-01-02</AccountCreationDate>
                <OpeningCreditBalance>5727.16</OpeningCreditBalance>
                <ClosingCreditBalance>3509228.87</ClosingCreditBalance>    
                <TotalDebit>3503501.71</TotalDebit>
                <TotalCredit>0</TotalCredit>    
            </Account>
            
            <Account>
                <AccountID>115001</AccountID>
                <AccountDescription>Goodwill Details</AccountDescription>
                <GroupingCategory>M</GroupingCategory>
                <GroupingCode>115</GroupingCode>
                <AccountType>A</AccountType>
                <AccountCreationDate>2019-01-02</AccountCreationDate>
                <OpeningCreditBalance>5727.16</OpeningCreditBalance>
                <ClosingCreditBalance>3509228.87</ClosingCreditBalance>    
                <TotalDebit>3503501.71</TotalDebit>
                <TotalCredit>0</TotalCredit>    
            </Account>
            
            
            
            <Account>
                <AccountID>21</AccountID>
                <AccountDescription>Customers</AccountDescription>
                <StandardAccountID>STD21</StandardAccountID>
                <GroupingCategory>S</GroupingCategory>
                <GroupingCode>ROOT</GroupingCode>
                <AccountType>A</AccountType>
                <AccountCreationDate>2019-01-02</AccountCreationDate>
                <OpeningDebitBalance>5727.16</OpeningDebitBalance>
                <ClosingDebitBalance>3509228.87</ClosingDebitBalance>    
                <TotalDebit>3503501.71</TotalDebit>
                <TotalCredit>0</TotalCredit>    
            </Account>
            
            <Account>
                <AccountID>211</AccountID>
                <AccountDescription>European Customers</AccountDescription>
                <StandardAccountID>STD211</StandardAccountID>
                <GroupingCategory>A</GroupingCategory>
                <GroupingCode>SE</GroupingCode>
                <AccountType>C</AccountType>
                <AccountCreationDate>2019-01-02</AccountCreationDate>
                <OpeningCreditBalance>5727.16</OpeningCreditBalance>
                <ClosingCreditBalance>3509228.87</ClosingCreditBalance>    
                <TotalDebit>3503501.71</TotalDebit>
                <TotalCredit>0</TotalCredit>    
            </Account>
            
            <Account>
                <AccountID>2111</AccountID>
                <AccountDescription>Czabolin</AccountDescription>
                <StandardAccountID>STD211</StandardAccountID>
                <GroupingCategory>M</GroupingCategory>
                <GroupingCode>SE</GroupingCode>
                <AccountType>A</AccountType>
                <AccountCreationDate>2020-01-02</AccountCreationDate>
                <OpeningCreditBalance>5727.16</OpeningCreditBalance>
                <ClosingCreditBalance>3509228.87</ClosingCreditBalance>    
                <TotalDebit>3503501.71</TotalDebit>
                <TotalCredit>0</TotalCredit>    
            </Account>
            
            <Account>
                <AccountID>22</AccountID>
                <AccountDescription>Suppliers</AccountDescription>
                <StandardAccountID>STD22</StandardAccountID>
                <GroupingCategory>S</GroupingCategory>
                <GroupingCode>ROOT</GroupingCode>
                <AccountType>A</AccountType>
                <AccountCreationDate>2019-01-02Z</AccountCreationDate>
                <OpeningDebitBalance>5727.16</OpeningDebitBalance>
                <ClosingDebitBalance>3509228.87</ClosingDebitBalance>    
                <TotalDebit>3503501.71</TotalDebit>
                <TotalCredit>0</TotalCredit>    
            </Account>
            
            <Account>
                <AccountID>221</AccountID>
                <AccountDescription>Hungarian Suppliers</AccountDescription>
                <StandardAccountID>STD221</StandardAccountID>
                <GroupingCategory>A</GroupingCategory>
                <GroupingCode>SE</GroupingCode>
                <AccountType>C</AccountType>
                <AccountCreationDate>2019-01-02</AccountCreationDate>
                <OpeningCreditBalance>5727.16</OpeningCreditBalance>
                <ClosingCreditBalance>3509228.87</ClosingCreditBalance>    
                <TotalDebit>3503501.71</TotalDebit>
                <TotalCredit>0</TotalCredit>    
            </Account>
            
            <Account>
                <AccountID>2211</AccountID>
                <AccountDescription>Gergelini</AccountDescription>
                <StandardAccountID>STD211</StandardAccountID>
                <GroupingCategory>M</GroupingCategory>
                <GroupingCode>SE</GroupingCode>
                <AccountType>A</AccountType>
                <AccountCreationDate>2020-01-02Z</AccountCreationDate>
                <OpeningCreditBalance>5727.16</OpeningCreditBalance>
                <ClosingCreditBalance>3509228.87</ClosingCreditBalance>    
                <TotalDebit>3503501.71</TotalDebit>
                <TotalCredit>0</TotalCredit>    
            </Account>
            
            
            <Account>
                <AccountID>71</AccountID>
                <AccountDescription>Revenues</AccountDescription>
                <StandardAccountID>STD71</StandardAccountID>
                <GroupingCategory>A</GroupingCategory>
                <GroupingCode>ROOT</GroupingCode>
                <AccountType>C</AccountType>
                <AccountCreationDate>2019-01-02</AccountCreationDate>
                <OpeningDebitBalance>5727.16</OpeningDebitBalance>
                <ClosingDebitBalance>3509228.87</ClosingDebitBalance>    
                <TotalDebit>3503501.71</TotalDebit>
                <TotalCredit>0</TotalCredit>    
            </Account>
            
            <Account>
                <AccountID>711</AccountID>
                <AccountDescription>Product Revenue</AccountDescription>
                <StandardAccountID>STD71</StandardAccountID>
                <GroupingCategory>M</GroupingCategory>
                <GroupingCode>71</GroupingCode>
                <AccountType>R</AccountType>
                <AccountCreationDate>2019-01-02</AccountCreationDate>
                <OpeningCreditBalance>5727.16</OpeningCreditBalance>
                <ClosingCreditBalance>3509228.87</ClosingCreditBalance>    
                <TotalDebit>3503501.71</TotalDebit>
                <TotalCredit>0</TotalCredit>    
            </Account>
            
            <Account>
                <AccountID>712</AccountID>
                <AccountDescription>Services Revenue</AccountDescription>
                <StandardAccountID>STD72</StandardAccountID>
                <GroupingCategory>M</GroupingCategory>
                <GroupingCode>71</GroupingCode>
                <AccountType>R</AccountType>
                <AccountCreationDate>2019-01-02</AccountCreationDate>
                <OpeningCreditBalance>5727.16</OpeningCreditBalance>
                <ClosingCreditBalance>3509228.87</ClosingCreditBalance>    
                <TotalDebit>3503501.71</TotalDebit>
                <TotalCredit>0</TotalCredit>    
            </Account>
            
            <Account>
                <AccountID>61</AccountID>
                <AccountDescription>Costs</AccountDescription>
                <StandardAccountID>STD71</StandardAccountID>
                <GroupingCategory>A</GroupingCategory>
                <GroupingCode>ROOT</GroupingCode>
                <AccountType>C</AccountType>
                <AccountCreationDate>2019-01-02</AccountCreationDate>
                <OpeningDebitBalance>5727.16</OpeningDebitBalance>
                <ClosingDebitBalance>3509228.87</ClosingDebitBalance>    
                <TotalDebit>3503501.71</TotalDebit>
                <TotalCredit>0</TotalCredit>    
            </Account>
            
            <Account>
                <AccountID>611</AccountID>
                <AccountDescription>Manufacturing Costs</AccountDescription>
                <StandardAccountID>STD71</StandardAccountID>
                <GroupingCategory>M</GroupingCategory>
                <GroupingCode>71</GroupingCode>
                <AccountType>R</AccountType>
                <AccountCreationDate>2019-01-02</AccountCreationDate>
                <OpeningCreditBalance>5727.16</OpeningCreditBalance>
                <ClosingCreditBalance>3509228.87</ClosingCreditBalance>    
                <TotalDebit>3503501.71</TotalDebit>
                <TotalCredit>0</TotalCredit>    
            </Account>
            
            <Account>
                <AccountID>612</AccountID>
                <AccountDescription>Raw Materials</AccountDescription>
                <StandardAccountID>STD72</StandardAccountID>
                <GroupingCategory>M</GroupingCategory>
                <GroupingCode>71</GroupingCode>
                <AccountType>R</AccountType>
                <AccountCreationDate>2019-01-02</AccountCreationDate>
                <OpeningCreditBalance>5727.16</OpeningCreditBalance>
                <ClosingCreditBalance>3509228.87</ClosingCreditBalance>    
                <TotalDebit>3503501.71</TotalDebit>
                <TotalCredit>0</TotalCredit>    
            </Account>
              
        </GeneralLedgerAccounts>
        
        <!-- Customer master Data -->
        
        <Customers>
            
            <Customer>
                <Name>SuperMarkets of Pest KFT</Name>
                <Address>
                    <SimpleAddress>
                        <CountryCode>HU</CountryCode>
                        <Region>Budapest</Region>
                        <PostalCode>1007</PostalCode>
                        <City>Budapest</City>
                        <AdditionalAddressDetail>Kárpát utca 999</AdditionalAddressDetail>
                    </SimpleAddress>
                </Address>
                <Contact>
                    <ContactPerson>
                        <FirstName>Atila</FirstName>
                        <LastName>Nagy</LastName>
                    </ContactPerson>
                    <Telephone>+36 80 400-401</Telephone>
                    <Fax>+36 80 400-501</Fax>
                    <Email>atila.nagy@superpest.hu</Email>
                </Contact>
               
                <BankAccount>
                    <IBANNumber>HU42 1177 3016 1111 2018 0000 0000</IBANNumber>
                </BankAccount>
                
                <TaxNumber>1887654461</TaxNumber>
                <EUVATNumber>HU887654461</EUVATNumber>
                <GroupVATNumber>1887654461</GroupVATNumber>
                <GroupCorpTaxNumber>1887654461</GroupCorpTaxNumber>
          
                <CustomerID>CST001</CustomerID>
                <SelfBillingIndicator>false</SelfBillingIndicator>
                
                <AccountID>2111</AccountID>
                <OpeningDebitBalance>8000.67</OpeningDebitBalance>
                <ClosingDebitBalance>3000.67</ClosingDebitBalance>  
                
            </Customer>
            
            <Customer>
                <Name>SuperMarkets of Buda KFT</Name>
                <Address>
                    <SimpleAddress>
                        <CountryCode>HU</CountryCode>
                        <Region>Budapest</Region>
                        <PostalCode>1007</PostalCode>
                        <City>Budapest</City>
                        <AdditionalAddressDetail>Kárpát utca 777</AdditionalAddressDetail>
                    </SimpleAddress>
                </Address>
                <Contact>
                    <ContactPerson>
                        <FirstName>Orsi</FirstName>
                        <LastName>Nagy</LastName>
                    </ContactPerson>
                    <Telephone>+36 80 400-403</Telephone>
                    <Fax>+36 80 400-503</Fax>
                    <Email>orsi.nagy@superbuda.hu</Email>
                </Contact>
                
                <BankAccount>
                    <IBANNumber>HU42 1177 3016 1111 1018 1000 0000</IBANNumber>
                </BankAccount>
                
                <TaxNumber>18876544</TaxNumber>
                <EUVATNumber>HU8876544</EUVATNumber>
                <GroupVATNumber>1887654461</GroupVATNumber>
                <GroupCorpTaxNumber>1887654461</GroupCorpTaxNumber>
                
                <CustomerID>CST002</CustomerID>
                <SelfBillingIndicator>false</SelfBillingIndicator>
                
                <AccountID>2112</AccountID>
                <OpeningDebitBalance>1000.23</OpeningDebitBalance>
                <ClosingDebitBalance>4000.23</ClosingDebitBalance>  
                
            </Customer>
            
        </Customers>  
            
        <!-- Supplier master Data -->     
            
        <Suppliers>
            
            <Supplier>
                <Name>SuperWine Pest ZRT</Name>
                <Address>
                    <SimpleAddress>
                        <CountryCode>HU</CountryCode>
                        <Region>Budapest</Region>
                        <PostalCode>1007</PostalCode>
                        <City>Budapest</City>
                        <AdditionalAddressDetail>Kárpát utca 999</AdditionalAddressDetail>
                    </SimpleAddress>
                </Address>
                <Contact>
                    <ContactPerson>
                        <FirstName>Bela</FirstName>
                        <LastName>Antos</LastName>
                    </ContactPerson>
                    <Telephone>+36 80 400-401</Telephone>
                    <Fax>+36 80 400-501</Fax>
                    <Email>bela.antos@superwine.hu</Email>
                </Contact>
                
                <BankAccount>
                    <IBANNumber>HU42 1177 3016 1111 2018 0800 0000</IBANNumber>
                </BankAccount>
                
                <TaxNumber>18876544</TaxNumber>
                <EUVATNumber>HU18876544</EUVATNumber>
                <GroupVATNumber>1887654468</GroupVATNumber>
                <GroupCorpTaxNumber>1887654468</GroupCorpTaxNumber>
                
                <SupplierID>SUP001</SupplierID>
                <SelfBillingIndicator>false</SelfBillingIndicator>
                
                <AccountID>2211</AccountID>
                <OpeningCreditBalance>4000.67</OpeningCreditBalance>
                <ClosingCreditBalance>6000.67</ClosingCreditBalance>  
            </Supplier>
            
            <Supplier>
                <Name>Groc Buda KFT</Name>
                <Address>
                    <SimpleAddress>
                        <CountryCode>HU</CountryCode>
                        <Region>Budapest</Region>
                        <PostalCode>1007</PostalCode>
                        <City>Budapest</City>
                        <AdditionalAddressDetail>Kárpát utca 999</AdditionalAddressDetail>
                    </SimpleAddress>
                </Address>
                <Contact>
                    <ContactPerson>
                        <FirstName>Janos</FirstName>
                        <LastName>Andor</LastName>
                    </ContactPerson>
                    <Telephone>+36 80 400-409</Telephone>
                    <Fax>+36 80 400-509</Fax>
                    <Email>janos.andor@grocbuda.hu</Email>
                </Contact>
                
                <BankAccount>
                    <IBANNumber>HU42 1177 3016 1111 2018 0000 0000</IBANNumber>
                </BankAccount>
                
                <TaxNumber>1887654464</TaxNumber>
                <EUVATNumber>HU887654464</EUVATNumber>
                <GroupVATNumber>1887654464</GroupVATNumber>
                <GroupCorpTaxNumber>1887654464</GroupCorpTaxNumber>
                
                <SupplierID>SUP002</SupplierID>
                <SelfBillingIndicator>false</SelfBillingIndicator>
                
                <AccountID>2212</AccountID>
                <OpeningCreditBalance>9000.67</OpeningCreditBalance>
                <ClosingCreditBalance>8000.67</ClosingCreditBalance>  
            </Supplier>
            
        </Suppliers>
                      
        <!-- Tax Table -->      
                 
        <TaxTable>
            
            <TaxTableEntry>
                
                <TaxType>104</TaxType>
                <Description>Value added tax</Description>
                
                <TaxCodeDetails>
                    <TaxCode>VAT27</TaxCode>
                    <EffectiveDate>2016-01-01</EffectiveDate>
                    <ExpirationDate>2090-12-31</ExpirationDate>
                    <Description>Normal VAT</Description>
                    <TaxPercentage>27.00</TaxPercentage>
                    <Country>HU</Country>
                </TaxCodeDetails>
                
                <TaxCodeDetails>
                    <TaxCode>FLATVAT</TaxCode>
                    <EffectiveDate>2019-12-29Z</EffectiveDate>
                    <ExpirationDate>2020-01-12</ExpirationDate>
                    <Description>Flat VAT tax</Description>
                    <FlatTaxRate>
                        <Amount>100.00</Amount>
                        <CurrencyCode>HUF</CurrencyCode>
                        <CurrencyAmount>100.00</CurrencyAmount>
                    </FlatTaxRate>
                    <Country>HU</Country>
                </TaxCodeDetails>
                
            </TaxTableEntry>
            
            <TaxTableEntry>
                
                <TaxType>101</TaxType>
                <Description>Corporate Tax</Description>
                
                <TaxCodeDetails>
                    <TaxCode>CIT</TaxCode>
                    <EffectiveDate>2016-01-01</EffectiveDate>
                    <ExpirationDate>2090-12-31</ExpirationDate>
                    <Description>CIT Normal</Description>
                    <TaxPercentage>9.00</TaxPercentage>
                    <Country>HU</Country>
                </TaxCodeDetails>
                
                <TaxCodeDetails>
                    <TaxCode>FLATCIT</TaxCode>
                    <EffectiveDate>2019-12-29Z</EffectiveDate>
                    <ExpirationDate>2020-01-12</ExpirationDate>
                    <Description>Flat CIT (special companies)</Description>
                    <FlatTaxRate>
                        <Amount>10000.00</Amount>
                        <CurrencyCode>HUF</CurrencyCode>
                        <CurrencyAmount>10000.00</CurrencyAmount>
                    </FlatTaxRate>
                    <Country>HU</Country>
                </TaxCodeDetails>
                
            </TaxTableEntry>
            
        </TaxTable>
 
        <!-- Analysis Type Table --> 
 
        <AnalysisTypeTable>
            
            <AnalysisTypeTableEntry>
                <AnalysisType>CSTHR</AnalysisType>
                <AnalysisTypeDescription>Cost Center HR</AnalysisTypeDescription>
                <AnalysisID>HRDIR</AnalysisID>
                <AnalysisIDDescription>Human Resources Direct Costs</AnalysisIDDescription>
            </AnalysisTypeTableEntry>
            
            <AnalysisTypeTableEntry>
                <AnalysisType>CSTHR</AnalysisType>
                <AnalysisTypeDescription>Cost Center HR</AnalysisTypeDescription>
                <AnalysisID>HRIND</AnalysisID>
                <AnalysisIDDescription>Human Resources Indirect Costs</AnalysisIDDescription>
            </AnalysisTypeTableEntry>
            
            <AnalysisTypeTableEntry>
                <AnalysisType>PRO</AnalysisType>
                <AnalysisTypeDescription>Profit Center</AnalysisTypeDescription>
                <AnalysisID>PRWIN</AnalysisID>
                <AnalysisIDDescription>Revenues Wine</AnalysisIDDescription>
            </AnalysisTypeTableEntry>
            
            <AnalysisTypeTableEntry>
                <AnalysisType>PRO</AnalysisType>
                <AnalysisTypeDescription>Profit Center</AnalysisTypeDescription>
                <AnalysisID>PRGRC</AnalysisID>
                <AnalysisIDDescription>Revenues Groceries</AnalysisIDDescription>
            </AnalysisTypeTableEntry>
            
            <AnalysisTypeTableEntry>
                <AnalysisType>PRJ</AnalysisType>
                <AnalysisTypeDescription>Project Building</AnalysisTypeDescription>
                <AnalysisID>PRBUL</AnalysisID>
                <AnalysisIDDescription>Building Project</AnalysisIDDescription>
            </AnalysisTypeTableEntry>
            
        </AnalysisTypeTable>
        
        <!-- Warehouses definition --> 
         
        <Warehouses>
            
            <WarehouseEntry>
                <WarehouseID>MAINWH</WarehouseID>
                <Description>Main Warehouse</Description>
                <Address>
                    <SimpleAddress>
                        <CountryCode>HU</CountryCode>
                        <Region>Budapest</Region>
                        <PostalCode>1007</PostalCode>
                        <City>Budapest</City>
                        <AdditionalAddressDetail>Kárpát utca 123</AdditionalAddressDetail>
                    </SimpleAddress>
                </Address>            
            </WarehouseEntry>
            
            <WarehouseEntry>
                <WarehouseID>SECWH</WarehouseID>
                <Description>Secondary Warehouse</Description>
                <Address>
                    <SimpleAddress>
                        <CountryCode>HU</CountryCode>
                        <Region>Pest</Region>
                        <PostalCode>1007</PostalCode>
                        <City>Budapest</City>
                        <AdditionalAddressDetail>Kárpát utca 321</AdditionalAddressDetail>
                    </SimpleAddress>
                </Address>
            </WarehouseEntry>
            
        </Warehouses>
        
        <!-- Unit of Measures table definition --> 
       
        <UOMTable>
            
            <UOMTableEntry>
                <UnitOfMeasure>KG</UnitOfMeasure>
                <Description>Kilograms</Description>
            </UOMTableEntry>
            
            <UOMTableEntry>
                <UnitOfMeasure>LTR</UnitOfMeasure>
                <Description>Litres</Description>
            </UOMTableEntry>
            
            <UOMTableEntry>
                <UnitOfMeasure>CL</UnitOfMeasure>
                <Description>Centiliters</Description>
            </UOMTableEntry>
            
            <UOMTableEntry>
                <UnitOfMeasure>HR</UnitOfMeasure>
                <Description>Hours</Description>
            </UOMTableEntry>
            
        </UOMTable>
        
        <!-- Movement types table definition --> 
        
        <MovementTypeTable>
            
            <MovementTypeTableEntry>
                <CompanyMovementType>101</CompanyMovementType>
                <MovementType>PO</MovementType>
                <Description>Goods receipt for purchase order or order</Description>
            </MovementTypeTableEntry>
            
            <MovementTypeTableEntry>
                <CompanyMovementType>301</CompanyMovementType>
                <MovementType>TR</MovementType>
                <Description>Transfer</Description>
            </MovementTypeTableEntry>
            
        </MovementTypeTable>
        
        <!-- Products --> 
        
        <Products>
            
            <Product>
                <ProductCode>PRD001</ProductCode>
                <GoodsServicesID>P</GoodsServicesID>
                <ProductGroup>DAIRY</ProductGroup>
                <Description>Milk Milky 50cl</Description>
                <ProductCommodityCode>Import</ProductCommodityCode>
                <ProductNumberCode>PRD001DMM01</ProductNumberCode>
                
                <Tariff>
                    <TariffCodeType>NORMALTAR</TariffCodeType>
                    <TariffCodeValue>10.2</TariffCodeValue>
                </Tariff>
                
                <StandardValuationMethod>CAP</StandardValuationMethod>
                <CompanyValuationMethod>CAP</CompanyValuationMethod>
                
                <UOMBase>CL</UOMBase>
                <UOMStandard>LTR</UOMStandard>
                <UOMToUOMBaseConversionFactor>0.1</UOMToUOMBaseConversionFactor>
                
                <Tax>
                    <TaxType>104</TaxType>
                    <TaxCode>VAT27</TaxCode>
                </Tax>
                
            </Product>
            <Product>
                <ProductCode>SRV001</ProductCode>
                <GoodsServicesID>S</GoodsServicesID>
                <ProductGroup>CONSULTING</ProductGroup>
                <Description>Brand Management</Description>
                <ProductNumberCode>PRD001DMM01</ProductNumberCode>
                
                <Tariff>
                    <TariffCodeType>NORMALTAR</TariffCodeType>
                    <TariffCodeValue>5.5</TariffCodeValue>
                </Tariff>
                
                <StandardValuationMethod>OME</StandardValuationMethod>
                <CompanyValuationMethod>STDPR</CompanyValuationMethod>
                
                <UOMBase>HR</UOMBase>
                <UOMStandard>HR</UOMStandard>
                <UOMToUOMBaseConversionFactor>1</UOMToUOMBaseConversionFactor>
                
                <Tax>
                    <TaxType>104</TaxType>
                    <TaxCode>VAT27</TaxCode>
                </Tax>
                
            </Product>
            
        </Products>
        
        <!-- Owners --> 
        
        <Owners>
            <Owner>
                <Name>Ferenc Puskás</Name>
                <Address>
                    <SimpleAddress>
                        <CountryCode>HU</CountryCode>
                        <Region>Budapest</Region>
                        <PostalCode>1007</PostalCode>
                        <City>Budapest</City>
                        <AdditionalAddressDetail>Kárpát utca 23 999</AdditionalAddressDetail>
                    </SimpleAddress>
                </Address>
                <Contact>
                    <ContactPerson>
                        <FirstName>Ferenc</FirstName>
                        <LastName>Puskás</LastName>
                    </ContactPerson>
                    <Telephone>+36 80 488-401</Telephone>
                    <Fax>+36 80 488-501</Fax>
                    <Email>ferenc.Puskás@something.hu</Email>
                </Contact>
                <BankAccount>
                    <IBANNumber>HU42 1177 3016 1111 2018 0000 0000</IBANNumber>
                </BankAccount>
                
                <TaxNumber>1887654468</TaxNumber>
                <EUVATNumber>HU887654468</EUVATNumber>
                <GroupVATNumber>1887654468</GroupVATNumber>
                <GroupCorpTaxNumber>1887654468</GroupCorpTaxNumber>
                <OwnerID>OWN01</OwnerID>
                <AccountID>NONE</AccountID>
        
            </Owner>
            
            <Owner>
                <Name>Sándor Kocsis</Name>
                <Address>
                    <SimpleAddress>
                        <CountryCode>HU</CountryCode>
                        <Region>Budapest</Region>
                        <PostalCode>1007</PostalCode>
                        <City>Budapest</City>
                        <AdditionalAddressDetail>Kárpát utca 23 999</AdditionalAddressDetail>
                    </SimpleAddress>
                </Address>
                <Contact>
                    <ContactPerson>
                        <FirstName>Ferenc</FirstName>
                        <LastName>Puskás</LastName>
                    </ContactPerson>
                    <Telephone>+36 80 488-401</Telephone>
                    <Fax>+36 80 488-501</Fax>
                    <Email>sandor.kocsis@something.hu</Email>
                </Contact>
                <BankAccount>
                    <IBANNumber>HU42 1177 3016 1111 2018 0000 0000</IBANNumber>
                </BankAccount>
                
                <TaxNumber>1887654468</TaxNumber>
                <EUVATNumber>HU887654468</EUVATNumber>
                <GroupVATNumber>1887654468</GroupVATNumber>
                <GroupCorpTaxNumber>1887654468</GroupCorpTaxNumber>
                <OwnerID>OWN01</OwnerID>
                <AccountID>NONE</AccountID>
                
            </Owner>
        </Owners>
        
        <!-- Assets -->
        
        <Assets>
            
            <Asset>
                <AssetID>BMW520_1</AssetID>
                <AccountID>131001</AccountID>
                <Description>Management Assets</Description>
                <Supplier>
                    <SupplierName>BMW</SupplierName>
                    <SupplierID>1092</SupplierID>
                    <PostalAddress>
                        <SimpleAddress>
                            <CountryCode>HU</CountryCode>
                            <Region>Budapest</Region>
                            <PostalCode>1007</PostalCode>
                            <City>Budapest</City>
                            <AdditionalAddressDetail>Kárpát utca 23 999</AdditionalAddressDetail>
                        </SimpleAddress>
                    </PostalAddress>
                </Supplier>
                <DateOfAcquisition>2010-10-10</DateOfAcquisition>
                <StartUpDate>2010-10-10</StartUpDate>
                
                <Valuations>
                    <Valuation>
                        <ValuationClass>ST</ValuationClass>
                        <AcquisitionAndProductionCostsBegin>50000</AcquisitionAndProductionCostsBegin>
                        <AcquisitionAndProductionCostsEnd>10000</AcquisitionAndProductionCostsEnd>
                        <AssetLifeYear>10</AssetLifeYear>
                        <DepreciationForPeriod>4000</DepreciationForPeriod>
                        <BookValueEnd>14000</BookValueEnd>
                    </Valuation>
                </Valuations>
            </Asset>
            
            <Asset>
                <AssetID>FRG01</AssetID>
                <AccountID>131001</AccountID>
                <Description>Frigo</Description>
                <Supplier>
                    <SupplierName>Philips</SupplierName>
                    <SupplierID>1093</SupplierID>
                    <PostalAddress>
                        <SimpleAddress>
                            <CountryCode>HU</CountryCode>
                            <Region>Budapest</Region>
                            <PostalCode>1007</PostalCode>
                            <City>Budapest</City>
                            <AdditionalAddressDetail>Kárpát utca 2837 999</AdditionalAddressDetail>
                        </SimpleAddress>
                    </PostalAddress>
                </Supplier>
                <DateOfAcquisition>2017-01-01</DateOfAcquisition>
                <StartUpDate>2017-01-02</StartUpDate>
                <Valuations>
                    <Valuation>
                        <ValuationClass>ST</ValuationClass>
                        <AcquisitionAndProductionCostsBegin>5000</AcquisitionAndProductionCostsBegin>
                        <AcquisitionAndProductionCostsEnd>1000</AcquisitionAndProductionCostsEnd>
                        <AssetLifeYear>5</AssetLifeYear>
                        <DepreciationForPeriod>800</DepreciationForPeriod>
                        <BookValueEnd>3400</BookValueEnd>
                    </Valuation>
                </Valuations>
            </Asset>
            
        </Assets>
    </MasterData>
    
    <!--  -->
    <!-- Transactional Data -->
    <!--  -->
    
    
    <TransactionalData>
        
        
        <!-- GL Entries ... Accounting -->
        <!--  -->
        
        <!-- GLE Headers -->
        
        <GeneralLedgerEntriesHeaders>
            
            <NumberOfHeaderEntries>2</NumberOfHeaderEntries>
            
            <Header>
                <JournalID>GE</JournalID>
                <TransactionID>GLE001</TransactionID>
                <Period>1</Period>
                <PeriodYear>2019</PeriodYear>
                <TransactionDate>2019-09-09Z</TransactionDate>
                <SourceID>ERPUSERJOHN</SourceID>
                <TransactionType>NO</TransactionType>
                <Description>GL Entry 001</Description>
                <!-- Date and Time when the system posted the transaction -->
                <SystemEntryDate>2019-01-31T10:10:02</SystemEntryDate>
                <GLPostingDate>2019-01-09</GLPostingDate>
                <SystemID>INT_ID_ERP_GLE001</SystemID>
            </Header>
            <Header>
                <JournalID>RE</JournalID>
                <TransactionID>GLE002</TransactionID>
                <Period>1</Period>
                <PeriodYear>2019</PeriodYear>
                <TransactionDate>2019-09-09Z</TransactionDate>
                <SourceID>ERPUSERJOHN</SourceID>
                <TransactionType>NO</TransactionType>
                <Description>GL Entry 001</Description>
                <SystemEntryDate>2019-01-31T20:09:02</SystemEntryDate>
                <GLPostingDate>2020-11-10Z</GLPostingDate>
                <CustomerID>CST001</CustomerID>       
                <SystemID>INT_ID_ERP_GLE002</SystemID>
            </Header>
        </GeneralLedgerEntriesHeaders>
        
        <!-- GLE Lines -->
        
        <GeneralLedgerEntriesLines>
            <NumberOfLineEntries>4</NumberOfLineEntries>
            <TotalDebitOfLines>20</TotalDebitOfLines>
            <TotalCreditOfLines>20</TotalCreditOfLines>
            
            <Line>
                <!-- FK: GeneralLedgerEntriesHeaders.Header.TransactionID -->
                <TransactionID>GLE001</TransactionID>
                <RecordID>GLE001.1</RecordID>
                <AccountID>11.1</AccountID>
                <Analysis>
                    <AnalysisType>PRO</AnalysisType>
                    <AnalysisID>PRWIN</AnalysisID>
                    <AnalysisAmount>
                        <Amount>10</Amount>
                        <CurrencyCode>HUF</CurrencyCode>
                        <CurrencyAmount>10</CurrencyAmount>
                    </AnalysisAmount>
                </Analysis>
                <ValueDate>2019-07-19</ValueDate>
                <SourceDocumentID>INV001</SourceDocumentID>
                <CustomerID>CST001</CustomerID>
                <Description>Receivables</Description>
                <DebitAmount>
                    <Amount>10</Amount>
                    <CurrencyCode>HUF</CurrencyCode>
                    <CurrencyAmount>10</CurrencyAmount>
                    <ExchangeRate>1</ExchangeRate>
                </DebitAmount>
                <TaxInformation>
                    <TaxType>104</TaxType>
                    <TaxCode>VAT27</TaxCode>
                    <TaxPercentage>27.00</TaxPercentage>
                    <TaxBase>10</TaxBase>
                    <TaxBaseDescription>Litres</TaxBaseDescription>
                    <TaxAmount>
                        <AmountHUF>2.7</AmountHUF>
                        <Amount>2.7</Amount>
                        <CurrencyCode>HUF</CurrencyCode>
                        <CurrencyAmount>2.7</CurrencyAmount>
                    </TaxAmount>
                    <TaxExemptionReason>NONE</TaxExemptionReason>
                    <TaxDeclarationPeriodType>M</TaxDeclarationPeriodType>
                    <TaxDeclarationPeriod>2019-11</TaxDeclarationPeriod>
                </TaxInformation>
            </Line>
             
<Line>
                <!-- FK: GeneralLedgerEntriesHeaders.Header.TransactionID -->
                <TransactionID>GLE001</TransactionID>
                <RecordID>GLE001.2</RecordID>
                <AccountID>61.1</AccountID>
                <Analysis>
                    <AnalysisType>PRO</AnalysisType>
                    <AnalysisID>PRWIN</AnalysisID>
                    <AnalysisAmount>
                        <Amount>10</Amount>
                        <CurrencyCode>HUF</CurrencyCode>
                        <CurrencyAmount>10</CurrencyAmount>
                    </AnalysisAmount>
                </Analysis>
                <ValueDate>2019-07-19</ValueDate>
                <SourceDocumentID>INV001</SourceDocumentID>
                <CustomerID>CST001</CustomerID>
                <Description>Others</Description>
                <CreditAmount>
                    <Amount>10</Amount>
                    <CurrencyCode>HUF</CurrencyCode>
                    <CurrencyAmount>10</CurrencyAmount>
                    <ExchangeRate>1</ExchangeRate>
                </CreditAmount>
                <TaxInformation>
                    <TaxType>104</TaxType>
                    <TaxCode>VAT27</TaxCode>
                    <TaxPercentage>27.00</TaxPercentage>
                    <TaxBase>10</TaxBase>
                    <TaxBaseDescription>Litres</TaxBaseDescription>
                    <TaxAmount>
                        <AmountHUF>2.7</AmountHUF>
                        <Amount>2.7</Amount>
                        <CurrencyCode>HUF</CurrencyCode>
                        <CurrencyAmount>2.7</CurrencyAmount>
                    </TaxAmount>
                    <TaxExemptionReason>NONE</TaxExemptionReason>
                    <TaxDeclarationPeriodType>M</TaxDeclarationPeriodType>
                    <TaxDeclarationPeriod>2019-11</TaxDeclarationPeriod>
                </TaxInformation>
            </Line>

            <Line>
                <!-- FK: GeneralLedgerEntriesHeaders.Header.TransactionID -->
                <TransactionID>GLE002</TransactionID>
                <RecordID>GLE002.1</RecordID>
                <AccountID>11.1</AccountID>
                <Analysis>
                    <AnalysisType>PRO</AnalysisType>
                    <AnalysisID>PRWIN</AnalysisID>
                    <AnalysisAmount>
                        <Amount>10</Amount>
                        <CurrencyCode>HUF</CurrencyCode>
                        <CurrencyAmount>10</CurrencyAmount>
                    </AnalysisAmount>
                </Analysis>
                <ValueDate>2019-07-19</ValueDate>
                <SourceDocumentID>INV001</SourceDocumentID>
                <CustomerID>CST001</CustomerID>
                <Description>Receivables</Description>
                <DebitAmount>
                    <Amount>10</Amount>
                    <CurrencyCode>HUF</CurrencyCode>
                    <CurrencyAmount>10</CurrencyAmount>
                    <ExchangeRate>1</ExchangeRate>
                </DebitAmount>
                <TaxInformation>
                    <TaxType>104</TaxType>
                    <TaxCode>VAT27</TaxCode>
                    <TaxPercentage>27.00</TaxPercentage>
                    <TaxBase>10</TaxBase>
                    <TaxBaseDescription>Litres</TaxBaseDescription>
                    <TaxAmount>
                        <AmountHUF>2.7</AmountHUF>
                        <Amount>2.7</Amount>
                        <CurrencyCode>HUF</CurrencyCode>
                        <CurrencyAmount>2.7</CurrencyAmount>
                    </TaxAmount>
                    <TaxExemptionReason>NONE</TaxExemptionReason>
                    <TaxDeclarationPeriodType>M</TaxDeclarationPeriodType>
                    <TaxDeclarationPeriod>2019-11</TaxDeclarationPeriod>
                </TaxInformation>
            </Line>
            
            <Line>
                <!-- FK: GeneralLedgerEntriesHeaders.Header.TransactionID -->
                <TransactionID>GLE002</TransactionID>
                <RecordID>GLE002.2</RecordID>
                <AccountID>71.1</AccountID>
                <Analysis>
                    <AnalysisType>PRO</AnalysisType>
                    <AnalysisID>PRWIN</AnalysisID>
                    <AnalysisAmount>
                        <Amount>10</Amount>
                        <CurrencyCode>HUF</CurrencyCode>
                        <CurrencyAmount>10</CurrencyAmount>
                    </AnalysisAmount>
                </Analysis>
                <ValueDate>2019-07-19</ValueDate>
                <SourceDocumentID>INV001</SourceDocumentID>
                <CustomerID>CST001</CustomerID>
                <Description>Receivables</Description>
                <CreditAmount>
                    <Amount>10</Amount>
                    <CurrencyCode>HUF</CurrencyCode>
                    <CurrencyAmount>10</CurrencyAmount>
                    <ExchangeRate>1</ExchangeRate>
                </CreditAmount>
                <TaxInformation>
                    <TaxType>104</TaxType>
                    <TaxCode>VAT27</TaxCode>
                    <TaxPercentage>27.00</TaxPercentage>
                    <TaxBase>10</TaxBase>
                    <TaxBaseDescription>Litres</TaxBaseDescription>
                    <TaxAmount>
                        <AmountHUF>2.7</AmountHUF>
                        <Amount>2.7</Amount>
                        <CurrencyCode>HUF</CurrencyCode>
                        <CurrencyAmount>2.7</CurrencyAmount>
                    </TaxAmount>
                    <TaxExemptionReason>NONE</TaxExemptionReason>
                    <TaxDeclarationPeriodType>M</TaxDeclarationPeriodType>
                    <TaxDeclarationPeriod>2019-11</TaxDeclarationPeriod>
                </TaxInformation>
            </Line>
            
        </GeneralLedgerEntriesLines>
        
        <!-- Sales Invoice -->
        <!--  -->
        
        <!-- SI Headers -->
        
        <SalesInvoicesHeaders>
            
            <NumberOfHeaderEntries>2</NumberOfHeaderEntries>
            
            <Header>
                
                <InvoiceNo>INV001</InvoiceNo>
                <AccountID>71.1</AccountID>
                <Period>1</Period>
                <InvoiceDate>2019-01-14</InvoiceDate>
                <InvoiceCategoryType>N</InvoiceCategoryType>
                <InvoiceType>IN</InvoiceType>
                <InvoiceStatus>O</InvoiceStatus>
                <SourceBilling>P</SourceBilling>
                
                <ShipTo>
                    <DeliveryID>DEL001</DeliveryID>
                    <DeliveryDate>2019-01-14</DeliveryDate>
                    <WarehouseID>NA</WarehouseID>
                    <Address>
                        <SimpleAddress>
                            <CountryCode>HU</CountryCode>
                            <Region>Budapest</Region>
                            <PostalCode>1007</PostalCode>
                            <City>Budapest</City>
                            <AdditionalAddressDetail>Kárpát utca 999</AdditionalAddressDetail>
                        </SimpleAddress>
                    </Address>
                </ShipTo>
                
                <ShipFrom>
                    <DeliveryID>DEL001</DeliveryID>
                    <DeliveryDate>2019-01-14</DeliveryDate>
                    <WarehouseID>WH001</WarehouseID>
                    <Address>
                        <SimpleAddress>
                            <CountryCode>HU</CountryCode>
                            <Region>Budapest</Region>
                            <PostalCode>1007</PostalCode>
                            <City>Budapest</City>
                            <AdditionalAddressDetail>Kárpát utca 999</AdditionalAddressDetail>
                        </SimpleAddress>
                    </Address>
                </ShipFrom>
                
                <DueDate>2019-01-14</DueDate>
                <SelfBillingIndicator>false</SelfBillingIndicator>
                <SourceID>USER001</SourceID>
                <GLPostingDate>2019-01-14</GLPostingDate>
                <SystemID>hPmWt</SystemID>
                <TransactionID>T1U1</TransactionID>
                
                <Settlement>
                    <SettlementDiscount>Downpayment</SettlementDiscount>
                    <SettlementAmount>
                        <Amount>10</Amount>
                        <CurrencyCode>HUF</CurrencyCode>
                        <CurrencyAmount>10</CurrencyAmount>
                    </SettlementAmount>
                    <SettlementDate>2019-01-14</SettlementDate>
                </Settlement>
                
                <DocumentTotals>
                    <TaxInformationTotals>
                        <TaxType>104</TaxType>
                        <TaxCode>VAT27</TaxCode>
                        <TaxAmount>
                            <AmountHUF>27</AmountHUF>
                            <Amount>27</Amount>
                            <CurrencyCode>HUF</CurrencyCode>
                            <CurrencyAmount>27</CurrencyAmount>
                        </TaxAmount>
                    </TaxInformationTotals>
                   
                    <ShippingCostsAmountTotal>
                        <Amount>5</Amount>
                        <CurrencyCode>HUF</CurrencyCode>
                        <CurrencyAmount>5</CurrencyAmount>
                    </ShippingCostsAmountTotal>
                    
                    <NetTotal>
                        <Amount>100</Amount>
                        <CurrencyCode>HUF</CurrencyCode>
                        <CurrencyAmount>100</CurrencyAmount>
                    </NetTotal>
                    
                    <GrossTotal>
                        <Amount>127</Amount>
                        <CurrencyCode>HUF</CurrencyCode>
                        <CurrencyAmount>100</CurrencyAmount>
                    </GrossTotal>
                </DocumentTotals>
                
                <CustomerInfo>
                    <CustomerID>CST001</CustomerID>
                    <Name>SuperMarkets of Pest</Name>
                    <BillingAddress>
                        <SimpleAddress>
                            <CountryCode>HU</CountryCode>
                            <Region>Budapest</Region>
                            <PostalCode>1007</PostalCode>
                            <City>Budapest</City>
                            <AdditionalAddressDetail>Kárpát utca 999</AdditionalAddressDetail>
                        </SimpleAddress>
                    </BillingAddress>
                </CustomerInfo>
                
            </Header>
            
            <Header>
                
                <InvoiceNo>INV002</InvoiceNo>
                <AccountID>71.1</AccountID>
                <Period>1</Period>
                <InvoiceDate>2019-01-14</InvoiceDate>
                <InvoiceCategoryType>N</InvoiceCategoryType>
                <InvoiceType>IN</InvoiceType>
                <InvoiceStatus>O</InvoiceStatus>
                <!-- The SourceBilling Indicator, refers the system that is generating the transaction. -->
                <SourceBilling>P</SourceBilling>
                
                <ShipTo>
                    <DeliveryID>DEL002</DeliveryID>
                    <DeliveryDate>2019-01-14</DeliveryDate>
                    <WarehouseID>NA</WarehouseID>
                    <Address>
                        <SimpleAddress>
                            <CountryCode>HU</CountryCode>
                            <Region>Budapest</Region>
                            <PostalCode>1007</PostalCode>
                            <City>Budapest</City>
                            <AdditionalAddressDetail>Kárpát utca 999</AdditionalAddressDetail>
                        </SimpleAddress>
                    </Address>
                </ShipTo>
                
                <ShipFrom>
                    <DeliveryID>DEL00</DeliveryID>
                    <DeliveryDate>2019-01-14</DeliveryDate>
                    <WarehouseID>WH001</WarehouseID>
                    <Address>
                        <SimpleAddress>
                            <CountryCode>HU</CountryCode>
                            <Region>Budapest</Region>
                            <PostalCode>1007</PostalCode>
                            <City>Budapest</City>
                            <AdditionalAddressDetail>Kárpát utca 999</AdditionalAddressDetail>
                        </SimpleAddress>
                    </Address>
                </ShipFrom>
                
                <DueDate>2019-01-14</DueDate>
                <SelfBillingIndicator>false</SelfBillingIndicator>
                <SourceID>USER001</SourceID>
                <GLPostingDate>2019-01-14</GLPostingDate>
                <SystemID>hPmWt</SystemID>
                <TransactionID>T1U1</TransactionID>
                
                <!-- No Settlement on this invoice -->
                
                <DocumentTotals>
                    <TaxInformationTotals>
                        <TaxType>104</TaxType>
                        <TaxCode>VAT27</TaxCode>
                        <TaxAmount>
                            <AmountHUF>27</AmountHUF>
                            <Amount>27</Amount>
                            <CurrencyCode>HUF</CurrencyCode>
                            <CurrencyAmount>27</CurrencyAmount>
                        </TaxAmount>
                    </TaxInformationTotals>
                    
                    <ShippingCostsAmountTotal>
                        <Amount>5</Amount>
                        <CurrencyCode>HUF</CurrencyCode>
                        <CurrencyAmount>5</CurrencyAmount>
                    </ShippingCostsAmountTotal>
                    
                    <NetTotal>
                        <Amount>100</Amount>
                        <CurrencyCode>HUF</CurrencyCode>
                        <CurrencyAmount>100</CurrencyAmount>
                    </NetTotal>
                    
                    <GrossTotal>
                        <Amount>127</Amount>
                        <CurrencyCode>HUF</CurrencyCode>
                        <CurrencyAmount>100</CurrencyAmount>
                    </GrossTotal>
                </DocumentTotals>
                
                <CustomerInfo>
                    <CustomerID>CST001</CustomerID>
                    <Name>SuperMarkets of Pest</Name>
                    <BillingAddress>
                        <SimpleAddress>
                            <CountryCode>HU</CountryCode>
                            <Region>Budapest</Region>
                            <PostalCode>1007</PostalCode>
                            <City>Budapest</City>
                            <AdditionalAddressDetail>Kárpát utca 999</AdditionalAddressDetail>
                        </SimpleAddress>
                    </BillingAddress>
                </CustomerInfo>
                
            </Header>
             
        </SalesInvoicesHeaders>
        
        <!-- SI Lines -->
        
        <SalesInvoicesLines>
            
            <NumberOfLinesEntries>1</NumberOfLinesEntries>
            
            <TotalDebit>0</TotalDebit>
            <TotalCredit>100</TotalCredit>
            
            <Line>
                <InvoiceNo>INV001</InvoiceNo>
                <LineNumber>1</LineNumber>
                <AccountID>711</AccountID>
                
                <Analysis>
                    <AnalysisType>PRO</AnalysisType>
                    <AnalysisID>PRGRC</AnalysisID>
                    <AnalysisAmount>
                        <Amount>100</Amount>
                        <CurrencyCode>HUF</CurrencyCode>
                        <CurrencyAmount>100</CurrencyAmount>
                    </AnalysisAmount>
                </Analysis>
                       
                <References>
                    <DocumentReferenceType>OR</DocumentReferenceType>
                    <DocumentReferenceDate>2019-01-10</DocumentReferenceDate>
                    <DocumentReference>PO001</DocumentReference>
                    <Reason>No Reason</Reason>
                </References>
                
                <!-- Multiple delivery points -->
                
                <ShipTo>
                    <DeliveryID>DEL002</DeliveryID>
                    <DeliveryDate>2019-01-14</DeliveryDate>
                    <WarehouseID>NA</WarehouseID>
                    <Address>
                        <SimpleAddress>
                            <CountryCode>HU</CountryCode>
                            <Region>Budapest</Region>
                            <PostalCode>1007</PostalCode>
                            <City>Budapest</City>
                            <AdditionalAddressDetail>Kárpát utca 999</AdditionalAddressDetail>
                        </SimpleAddress>
                    </Address>
                </ShipTo>
                
                <ShipFrom>
                    <DeliveryID>DEL002</DeliveryID>
                    <DeliveryDate>2019-01-14</DeliveryDate>
                    <WarehouseID>WH001</WarehouseID>
                    <Address>
                        <SimpleAddress>
                            <CountryCode>HU</CountryCode>
                            <Region>Budapest</Region>
                            <PostalCode>1007</PostalCode>
                            <City>Budapest</City>
                            <AdditionalAddressDetail>Kárpát utca 999</AdditionalAddressDetail>
                        </SimpleAddress>
                    </Address>
                </ShipFrom>
                
                <GoodsServicesID>P</GoodsServicesID>
                <ProductCode>AiHjwa5Ry16EybXRZtLJwv6YbL</ProductCode>
                <ProductDescription>mFBo21NsFz8JYTRK-UJpm.14p6luJAt72HeQVL86b4XQNkFeHOCEmw5-1KGc1n</ProductDescription>
                
                <Delivery>
                    
                    <!-- The delivery can have multiple movement of goods, or one Delivery date or one Delivery period -->
                    <MovementReference>Nda5FQb0syzTCK</MovementReference>
                    <MovementReference>D6aaxyVN1nqXvCw0X</MovementReference>
                    
                </Delivery>
                
                <Quantity>10</Quantity>
                <InvoiceUOM>LTR</InvoiceUOM>
                <UOMToUOMBaseConversionFactor>1</UOMToUOMBaseConversionFactor>
                <UnitPrice>10</UnitPrice>
                <TaxPointDate>2019-01-15</TaxPointDate>
                <Description>Milky Milk</Description>
                
                <InvoiceLineAmount>
                    <Amount>100</Amount>
                    <CurrencyCode>HUF</CurrencyCode>
                    <CurrencyAmount>100</CurrencyAmount>
                    <ExchangeRate>1</ExchangeRate>
                </InvoiceLineAmount>
                
                <DebitCreditIndicator>C</DebitCreditIndicator>
                
                <ShippingCostsAmount>
                    <Amount>3</Amount>
                    <CurrencyCode>HUF</CurrencyCode>
                    <CurrencyAmount>10</CurrencyAmount>
                </ShippingCostsAmount>
                
                <TaxInformation>
                    <TaxType>104</TaxType>
                    <TaxCode>VAT27</TaxCode>
                    <TaxPercentage>27</TaxPercentage>
                    <TaxBase>100</TaxBase>
                    <TaxBaseDescription>Amount</TaxBaseDescription>
                    <TaxAmount>
                        <AmountHUF>10</AmountHUF>
                        <Amount>27</Amount>
                        <CurrencyCode>HUF</CurrencyCode>
                        <CurrencyAmount>27</CurrencyAmount>
                    </TaxAmount>
                    <TaxExemptionReason>Reason according to law</TaxExemptionReason>
                    <TaxDeclarationPeriodType>M</TaxDeclarationPeriodType>
                    <TaxDeclarationPeriod>2019-05</TaxDeclarationPeriod>
                </TaxInformation>
                
                <TaxInformation>
                    <TaxType>104</TaxType>
                    <TaxCode>A_SURTAX</TaxCode>
                    <TaxPercentage>10</TaxPercentage>
                    <TaxBase>100</TaxBase>
                    <TaxBaseDescription>Alcohol</TaxBaseDescription>
                    <TaxAmount>
                        <AmountHUF>10</AmountHUF>
                        <Amount>10</Amount>
                        <CurrencyCode>HUF</CurrencyCode>
                        <CurrencyAmount>10</CurrencyAmount>
                    </TaxAmount>
                    <TaxExemptionReason>Reason according to law</TaxExemptionReason>
                    <TaxDeclarationPeriodType>M</TaxDeclarationPeriodType>
                    <TaxDeclarationPeriod>2019-05</TaxDeclarationPeriod>
                </TaxInformation>
                
            </Line>
            
        </SalesInvoicesLines>
 
        <!-- Purchase Invoices -->
        <!--  -->
        
        <!-- PI Headers -->
          
       <PurchaseInvoicesHeaders>
            
            <NumberOfHeaderEntries>2</NumberOfHeaderEntries>
            
            <Header>
                
                <InvoiceNo>INV001</InvoiceNo>
                <AccountID>71.1</AccountID>
                <Period>1</Period>
                <InvoiceDate>2019-01-14</InvoiceDate>
                <InvoiceCategoryType>N</InvoiceCategoryType>
                <InvoiceType>IN</InvoiceType>
                <InvoiceStatus>O</InvoiceStatus>
                <SourceBilling>P</SourceBilling>
                
                <ShipTo>
                    <DeliveryID>DEL001</DeliveryID>
                    <DeliveryDate>2019-01-14</DeliveryDate>
                    <WarehouseID>NA</WarehouseID>
                    <Address>
                        <SimpleAddress>
                            <CountryCode>HU</CountryCode>
                            <Region>Budapest</Region>
                            <PostalCode>1007</PostalCode>
                            <City>Budapest</City>
                            <AdditionalAddressDetail>Kárpát utca 999</AdditionalAddressDetail>
                        </SimpleAddress>
                    </Address>
                </ShipTo>
                
                <ShipFrom>
                    <DeliveryID>DEL001</DeliveryID>
                    <DeliveryDate>2019-01-14</DeliveryDate>
                    <WarehouseID>WH001</WarehouseID>
                    <Address>
                        <SimpleAddress>
                            <CountryCode>HU</CountryCode>
                            <Region>Budapest</Region>
                            <PostalCode>1007</PostalCode>
                            <City>Budapest</City>
                            <AdditionalAddressDetail>Kárpát utca 999</AdditionalAddressDetail>
                        </SimpleAddress>
                    </Address>
                </ShipFrom>
                
                <DueDate>2019-01-14</DueDate>
                <SelfBillingIndicator>false</SelfBillingIndicator>
                <SourceID>USER001</SourceID>
                <GLPostingDate>2019-01-14</GLPostingDate>
                <SystemID>hPmWt</SystemID>
                <TransactionID>T1U1</TransactionID>
                
                <Settlement>
                    <SettlementDiscount>Downpayment</SettlementDiscount>
                    <SettlementAmount>
                        <Amount>10</Amount>
                        <CurrencyCode>HUF</CurrencyCode>
                        <CurrencyAmount>10</CurrencyAmount>
                    </SettlementAmount>
                    <SettlementDate>2019-01-14</SettlementDate>
                </Settlement>
                
                <DocumentTotals>
                    <TaxInformationTotals>
                        <TaxType>104</TaxType>
                        <TaxCode>VAT27</TaxCode>
                        <TaxAmount>
                            <AmountHUF>27</AmountHUF>
                            <Amount>27</Amount>
                            <CurrencyCode>HUF</CurrencyCode>
                            <CurrencyAmount>27</CurrencyAmount>
                        </TaxAmount>
                    </TaxInformationTotals>
                   
                    <ShippingCostsAmountTotal>
                        <Amount>5</Amount>
                        <CurrencyCode>HUF</CurrencyCode>
                        <CurrencyAmount>5</CurrencyAmount>
                    </ShippingCostsAmountTotal>
                    
                    <NetTotal>
                        <Amount>100</Amount>
                        <CurrencyCode>HUF</CurrencyCode>
                        <CurrencyAmount>100</CurrencyAmount>
                    </NetTotal>
                    
                    <GrossTotal>
                        <Amount>127</Amount>
                        <CurrencyCode>HUF</CurrencyCode>
                        <CurrencyAmount>100</CurrencyAmount>
                    </GrossTotal>
                </DocumentTotals>
                
                <SupplierInfo>
                    <SupplierID>CST001</SupplierID>
                    <Name>SuperMarkets of Pest</Name>
                    <BillingAddress>
                        <SimpleAddress>
                            <CountryCode>HU</CountryCode>
                            <Region>Budapest</Region>
                            <PostalCode>1007</PostalCode>
                            <City>Budapest</City>
                            <AdditionalAddressDetail>Kárpát utca 999</AdditionalAddressDetail>
                        </SimpleAddress>
                    </BillingAddress>
                </SupplierInfo>
                
            </Header>
            
            <Header>
                
                <InvoiceNo>INV002</InvoiceNo>
                <AccountID>71.1</AccountID>
                <Period>1</Period>
                <InvoiceDate>2019-01-14</InvoiceDate>
                <InvoiceCategoryType>N</InvoiceCategoryType>
                <InvoiceType>IN</InvoiceType>
                <InvoiceStatus>O</InvoiceStatus>
                <SourceBilling>P</SourceBilling>
                
                <ShipTo>
                    <DeliveryID>DEL002</DeliveryID>
                    <DeliveryDate>2019-01-14</DeliveryDate>
                    <!-- If is not available, we should not use the tag. on the example, we dont know the ID of the destination warehouse -->
                    <!-- <WarehouseID></WarehouseID> -->
                    <Address>
                        <SimpleAddress>
                            <CountryCode>HU</CountryCode>
                            <Region>Budapest</Region>
                            <PostalCode>1007</PostalCode>
                            <City>Budapest</City>
                            <AdditionalAddressDetail>Kárpát utca 999</AdditionalAddressDetail>
                        </SimpleAddress>
                    </Address>
                </ShipTo>
                
                <ShipFrom>
                    <DeliveryID>DEL00</DeliveryID>
                    <DeliveryDate>2019-01-14</DeliveryDate>
                    <WarehouseID>WH001</WarehouseID>
                    <Address>
                        <SimpleAddress>
                            <CountryCode>HU</CountryCode>
                            <Region>Budapest</Region>
                            <PostalCode>1007</PostalCode>
                            <City>Budapest</City>
                            <AdditionalAddressDetail>Kárpát utca 999</AdditionalAddressDetail>
                        </SimpleAddress>
                    </Address>
                </ShipFrom>
                
                <DueDate>2019-01-14</DueDate>
                <SelfBillingIndicator>false</SelfBillingIndicator>
                <SourceID>USER001</SourceID>
                <GLPostingDate>2019-01-14</GLPostingDate>
                <SystemID>hPmWt</SystemID>
                <TransactionID>T1U1</TransactionID>
                
                <!-- No Settlement on this invoice -->
                
                <DocumentTotals>
                    <TaxInformationTotals>
                        <TaxType>104</TaxType>
                        <TaxCode>VAT27</TaxCode>
                        <TaxAmount>
                            <AmountHUF>27</AmountHUF>
                            <Amount>27</Amount>
                            <CurrencyCode>HUF</CurrencyCode>
                            <CurrencyAmount>27</CurrencyAmount>
                        </TaxAmount>
                    </TaxInformationTotals>
                    
                    <ShippingCostsAmountTotal>
                        <Amount>5</Amount>
                        <CurrencyCode>HUF</CurrencyCode>
                        <CurrencyAmount>5</CurrencyAmount>
                    </ShippingCostsAmountTotal>
                    
                    <NetTotal>
                        <Amount>100</Amount>
                        <CurrencyCode>HUF</CurrencyCode>
                        <CurrencyAmount>100</CurrencyAmount>
                    </NetTotal>
                    
                    <GrossTotal>
                        <Amount>127</Amount>
                        <CurrencyCode>HUF</CurrencyCode>
                        <CurrencyAmount>100</CurrencyAmount>
                    </GrossTotal>
                </DocumentTotals>
                
                <SupplierInfo>
                    <SupplierID>SUP001</SupplierID>
                    <Name>SuperMarkets of Pest</Name>
                    <BillingAddress>
                        <SimpleAddress>
                            <CountryCode>HU</CountryCode>
                            <Region>Budapest</Region>
                            <PostalCode>1007</PostalCode>
                            <City>Budapest</City>
                            <AdditionalAddressDetail>Kárpát utca 999</AdditionalAddressDetail>
                        </SimpleAddress>
                    </BillingAddress>
                </SupplierInfo>
                
            </Header>
             
        </PurchaseInvoicesHeaders>
        
        <!-- Lines -->
        
        <PurchaseInvoicesLines>
            
            <NumberOfLinesEntries>1</NumberOfLinesEntries>
            
            <TotalDebit>100</TotalDebit>
            <TotalCredit>0</TotalCredit>
            
            <Line>
                
                <InvoiceNo>INV001</InvoiceNo>
                <LineNumber>1</LineNumber>
                <AccountID>711</AccountID>
                
                <Analysis>
                    <AnalysisType>PRO</AnalysisType>
                    <AnalysisID>PRGRC</AnalysisID>
                    <AnalysisAmount>
                        <Amount>100</Amount>
                        <CurrencyCode>HUF</CurrencyCode>
                        <CurrencyAmount>100</CurrencyAmount>
                    </AnalysisAmount>
                </Analysis>
                       
                <References>
                    <DocumentReferenceType>OR</DocumentReferenceType>
                    <DocumentReferenceDate>2019-01-10</DocumentReferenceDate>
                    <DocumentReference>PO001</DocumentReference>
                    <Reason>No Reason</Reason>
                </References>
                
                <!-- Multiple delivery points -->
                
                <ShipTo>
                    <DeliveryID>DEL002</DeliveryID>
                    <DeliveryDate>2019-01-14</DeliveryDate>
                    <WarehouseID>NA</WarehouseID>
                    <Address>
                        <SimpleAddress>
                            <CountryCode>HU</CountryCode>
                            <Region>Budapest</Region>
                            <PostalCode>1007</PostalCode>
                            <City>Budapest</City>
                            <AdditionalAddressDetail>Kárpát utca 999</AdditionalAddressDetail>
                        </SimpleAddress>
                    </Address>
                </ShipTo>
                
                <ShipFrom>
                    <DeliveryID>DEL00</DeliveryID>
                    <DeliveryDate>2019-01-14</DeliveryDate>
                    <WarehouseID>WH001</WarehouseID>
                    <Address>
                        <SimpleAddress>
                            <CountryCode>HU</CountryCode>
                            <Region>Budapest</Region>
                            <PostalCode>1007</PostalCode>
                            <City>Budapest</City>
                            <AdditionalAddressDetail>Kárpát utca 999</AdditionalAddressDetail>
                        </SimpleAddress>
                    </Address>
                </ShipFrom>
                
                <GoodsServicesID>P</GoodsServicesID>
                <ProductCode>PRD001</ProductCode>
                <ProductDescription>Milky Milk</ProductDescription>
                
                <Delivery>
                    
                    <!-- The delivery can have multiple movement of goods, or one Delivery date or one Delivery period -->
                    <MovementReference>MG001</MovementReference>
                    <MovementReference>MG002</MovementReference>
                    
                </Delivery>
                
                <Quantity>10</Quantity>
                <InvoiceUOM>LTR</InvoiceUOM>
                <UOMToUOMBaseConversionFactor>1</UOMToUOMBaseConversionFactor>
                <UnitPrice>10</UnitPrice>
                <TaxPointDate>2019-01-15</TaxPointDate>
                <Description>Milky Milk</Description>
                
                <InvoiceLineAmount>
                    <Amount>100</Amount>
                    <CurrencyCode>HUF</CurrencyCode>
                    <CurrencyAmount>100</CurrencyAmount>
                    <ExchangeRate>1</ExchangeRate>
                </InvoiceLineAmount>
                
                <DebitCreditIndicator>D</DebitCreditIndicator>
                
                <ShippingCostsAmount>
                    <Amount>3</Amount>
                    <CurrencyCode>HUF</CurrencyCode>
                    <CurrencyAmount>3</CurrencyAmount>                  
                </ShippingCostsAmount>
                
                <TaxInformation>
                    <TaxType>104</TaxType>
                    <TaxCode>VAT27</TaxCode>
                    <TaxPercentage>27</TaxPercentage>
                    <TaxBase>100</TaxBase>
                    <TaxBaseDescription>NONE</TaxBaseDescription>
                    <TaxAmount>
                        <AmountHUF>10</AmountHUF>
                        <Amount>10</Amount>
                        <CurrencyCode>HUF</CurrencyCode>
                        <CurrencyAmount>10</CurrencyAmount>
                    </TaxAmount>
                    <TaxExemptionReason>NONE</TaxExemptionReason>
                    <TaxDeclarationPeriodType>M</TaxDeclarationPeriodType>
                    <TaxDeclarationPeriod>2019-05</TaxDeclarationPeriod>
                </TaxInformation>
                
                <TaxInformation>
                    <TaxType>104</TaxType>
                    <TaxCode>A_SURTAX</TaxCode>
                    <TaxPercentage>10</TaxPercentage>
                    <TaxBase>100</TaxBase>
                    <TaxBaseDescription>Alcool</TaxBaseDescription>
                    <TaxAmount>
                        <AmountHUF>10</AmountHUF>
                        <Amount>10</Amount>
                        <CurrencyCode>HUF</CurrencyCode>
                        <CurrencyAmount>10</CurrencyAmount>
                    </TaxAmount>
                    <TaxExemptionReason>NONE</TaxExemptionReason>
                    <TaxDeclarationPeriodType>M</TaxDeclarationPeriodType>
                    <TaxDeclarationPeriod>2019-01</TaxDeclarationPeriod>
                </TaxInformation>
                
            </Line>
            
        </PurchaseInvoicesLines>
        
        <!-- -->
        <!-- Payments -->
        <!-- -->
        
        <!-- PYM Headers -->
        
        <PaymentHeaders>
            
            <NumberOfHeaderEntries>1</NumberOfHeaderEntries>
            <SumNetTotal>100</SumNetTotal>
            <SumGrossTotal>127</SumGrossTotal>
            
            <Header>
                
                <PaymentRefNo>PYM001</PaymentRefNo>
                <Period>1</Period>
                <TransactionID>GLE001</TransactionID>
                <TransactionDate>2019-01-27</TransactionDate>
                <PaymentMethod>MT</PaymentMethod>
                <Description>Payment of raw materials</Description>
                <SystemID>PDUUOR7</SystemID>
                <SourceID>USERJOHN</SourceID>
                
                <DocumentTotals>
                    <TaxInformationTotals>
                        <TaxType>104</TaxType>
                        <TaxCode>VAT27</TaxCode>
                        <TaxAmount>
                            <AmountHUF>27</AmountHUF>
                            <Amount>27</Amount>
                            <CurrencyCode>HUF</CurrencyCode>
                            <CurrencyAmount>27</CurrencyAmount>
                        </TaxAmount>
                    </TaxInformationTotals>
                    <NetTotal>100</NetTotal>
                    <GrossTotal>127</GrossTotal>
                </DocumentTotals>
                
            </Header>
            
        </PaymentHeaders>
            
        <!-- PYM Lines -->
        
        <PaymentLines>
            
            <NumberOfLineEntries>1</NumberOfLineEntries>
            <TotalDebit>0</TotalDebit>
            <TotalCredit>127</TotalCredit>
            <Line>
                
                <PaymentRefNo>PYM001</PaymentRefNo>
                <LineNumber>1</LineNumber>
                <SourceDocumentID>PURCHASE_INVOICE001</SourceDocumentID>
                <AccountID>111</AccountID>
                <SupplierID>SUP001</SupplierID>
                <Description>Sugar</Description>
                <DebitCreditIndicator>C</DebitCreditIndicator>
                
                <PaymentLineAmount>
                    <Amount>127</Amount>
                    <CurrencyCode>HUF</CurrencyCode>
                    <CurrencyAmount>127</CurrencyAmount>
                    <ExchangeRate>1</ExchangeRate>
                </PaymentLineAmount>
                
                <TaxInformation>
                    <TaxType>104</TaxType>
                    <TaxCode>VAT27</TaxCode>
                    <TaxPercentage>27</TaxPercentage>
                    <TaxBase>100</TaxBase>
                    <TaxBaseDescription>No description</TaxBaseDescription>
                    <TaxAmount>
                        <AmountHUF>27</AmountHUF>
                        <Amount>27</Amount>
                        <CurrencyCode>HUF</CurrencyCode>
                        <CurrencyAmount>27</CurrencyAmount>
                    </TaxAmount>
                    <!-- If there is no TaxExemptionReason, the field should not be exported -->
                    <!-- <TaxExemptionReason></TaxExemptionReason> -->
                    <TaxDeclarationPeriodType>M</TaxDeclarationPeriodType>
                    <TaxDeclarationPeriod>2019-01</TaxDeclarationPeriod>       
                </TaxInformation>
                
            </Line>
        </PaymentLines>
        
        <!-- -->
        <!-- Stock Movements -->
        <!-- -->
        
        <!-- Stock Movement Headers -->
        
        <StockMovementHeaders>
            
            <NumberOfMovementHeaders>2</NumberOfMovementHeaders>
            
            <Header>
                <MovementReference>STK001</MovementReference>
                <MovementDate>2019-01-23</MovementDate>
                <MovementPostingDate>2019-01-23</MovementPostingDate>
                <TaxPointDate>2019-01-23</TaxPointDate>
                <MovementType>SA</MovementType>
                <SourceID>USERJOHN</SourceID>
                <SystemID>STK001_IID001</SystemID>
                
                <DocumentReference>
                    <DocumentType>DN</DocumentType>
                    <DocumentNumber>DELIV_NOTE_001</DocumentNumber>
                    <DocumentLine>1</DocumentLine>
                </DocumentReference>
            </Header>
            
            <Header>
                <MovementReference>STK002</MovementReference>
                <MovementDate>2019-01-31</MovementDate>
                <MovementPostingDate>2019-01-31</MovementPostingDate>
                <TaxPointDate>2019-01-31</TaxPointDate>
                <MovementType>PO</MovementType>
                <SourceID>USERMARY</SourceID>
                <SystemID>STK002_IID002</SystemID>
                
                <DocumentReference>
                    <DocumentType>DN</DocumentType>
                    <DocumentNumber>MI001</DocumentNumber>
                    <DocumentLine>1</DocumentLine>
                </DocumentReference>
            </Header>
            
        </StockMovementHeaders>
        
        <!-- Stock Movement Lines -->
        
        <StockMovementLines>
            
            <NumberOfMovementLines>2</NumberOfMovementLines>
            <TotalQuantityReceived>10</TotalQuantityReceived>
            <TotalQuantityIssued>20</TotalQuantityIssued>
            
            <Line>
                <MovementReference>STK001</MovementReference>
                <LineNumber>1</LineNumber>
                <AccountID>2301</AccountID>
                <TransactionID>TR002</TransactionID>
                <CustomerID>CST001</CustomerID>
                
                <ShipTo>
                    
                    <DeliveryID>DELID001</DeliveryID>
                    <DeliveryDate>2019-01-23</DeliveryDate>
                    
                    <!--- We don't have the Warehouse ID as it is from the customer. Populated with NULL if we dont have info ??? -->
                    <WarehouseID>NULL</WarehouseID>
                    
                    <Address>
                        <SimpleAddress>
                            <CountryCode>HU</CountryCode>
                            <Region>Budapest</Region>
                            <PostalCode>1007</PostalCode>
                            <City>Budapest</City>
                            <AdditionalAddressDetail>Kárpát utca 999</AdditionalAddressDetail>
                        </SimpleAddress>
                    </Address>
                    
                </ShipTo>
                
                <ShipFrom>
                    
                    <DeliveryID>DELID001</DeliveryID>
                    <DeliveryDate>2019-01-23</DeliveryDate>
                    
                    <!--- As we are issuing an item from stock, our source Warehouse ID must be posted -->
                    <WarehouseID>WH001</WarehouseID>
                    
                    <Address>
                        <SimpleAddress>
                            <CountryCode>HU</CountryCode>
                            <Region>Budapest</Region>
                            <PostalCode>1007</PostalCode>
                            <City>Budapest</City>
                            <AdditionalAddressDetail>Zoltán utca 100</AdditionalAddressDetail>
                        </SimpleAddress>
                    </Address>
                    
                </ShipFrom> 
                         
                <ProductCode>PRD001</ProductCode>
                <StockAccountNo>23000</StockAccountNo>
                <Quantity>20</Quantity>
                <UnitOfMeasure>KG</UnitOfMeasure>
                <UOMToUOMPhysicalStockConversionFactor>1</UOMToUOMPhysicalStockConversionFactor>
                <BookValue>100</BookValue>
                
                <MovementSubType>O</MovementSubType>
                <MovementComments>Delivery Note from INV001</MovementComments>
                
                <TaxInformation>
                    <TaxType>104</TaxType>
                    <TaxCode>VAT27</TaxCode>
                    <TaxPercentage>27</TaxPercentage>
                    <TaxBase>100</TaxBase>
                    <TaxBaseDescription>fOK</TaxBaseDescription>
                    <TaxAmount>
                        <AmountHUF>27</AmountHUF>
                        <Amount>27</Amount>
                        <CurrencyCode>HUF</CurrencyCode>
                        <CurrencyAmount>27</CurrencyAmount>
                    </TaxAmount>
                    <TaxExemptionReason>NULL</TaxExemptionReason>
                    <TaxDeclarationPeriodType>M</TaxDeclarationPeriodType>
                    <TaxDeclarationPeriod>2019-01</TaxDeclarationPeriod>
                </TaxInformation>
                
            </Line>
            
            <Line>
                <MovementReference>STK002</MovementReference>
                <LineNumber>1</LineNumber>
                <AccountID>23004</AccountID>
                <TransactionID>TR00123</TransactionID>
                <SupplierID>SUP001</SupplierID>
                
                <ShipTo>
                    
                    <DeliveryID>DELID001</DeliveryID>
                    <DeliveryDate>2019-01-23</DeliveryDate>
                    
    
                    <WarehouseID>WH001</WarehouseID>
                    
                    <Address>
                        <SimpleAddress>
                            <CountryCode>HU</CountryCode>
                            <Region>Budapest</Region>
                            <PostalCode>1007</PostalCode>
                            <City>Budapest</City>
                            <AdditionalAddressDetail>Kárpát utca 100</AdditionalAddressDetail>
                        </SimpleAddress>
                    </Address>
                    
                </ShipTo>
                
                <ShipFrom>
                    
                    <DeliveryID>DELID001</DeliveryID>
                    <DeliveryDate>2019-01-23</DeliveryDate>
                    
                    <!--- We don't have the Warehouse ID as it is from the supplier -->
                    <WarehouseID>WH001</WarehouseID>
                    
                    <Address>
                        <SimpleAddress>
                            <CountryCode>HU</CountryCode>
                            <Region>Budapest</Region>
                            <PostalCode>1007</PostalCode>
                            <City>Budapest</City>
                            <AdditionalAddressDetail>Kárpát utca 999</AdditionalAddressDetail>
                        </SimpleAddress>
                    </Address>
                    
                </ShipFrom> 
                
                <ProductCode>PRD002</ProductCode>
                <StockAccountNo>23000</StockAccountNo>
                <Quantity>10</Quantity>
                <UnitOfMeasure>KG</UnitOfMeasure>
                <UOMToUOMPhysicalStockConversionFactor>1</UOMToUOMPhysicalStockConversionFactor>
                <BookValue>50</BookValue>
                <MovementSubType>I</MovementSubType>
                <MovementComments>Supplier Delivery Note from PO001</MovementComments>
                
                <TaxInformation>
                    <TaxType>104</TaxType>
                    <TaxCode>VAT27</TaxCode>
                    <TaxPercentage>27</TaxPercentage>
                    <TaxBase>50</TaxBase>
                    <TaxBaseDescription>fOK</TaxBaseDescription>
                    <TaxAmount>
                        <AmountHUF>13.5</AmountHUF>
                        <Amount>13.5</Amount>
                        <CurrencyCode>HUF</CurrencyCode>
                        <CurrencyAmount>27</CurrencyAmount>
                    </TaxAmount>
                    <TaxExemptionReason>NULL</TaxExemptionReason>
                    <TaxDeclarationPeriodType>M</TaxDeclarationPeriodType>
                    <TaxDeclarationPeriod>2019-01</TaxDeclarationPeriod>
                </TaxInformation>
                
            </Line>
            
        </StockMovementLines>
        
        <!-- -->
        <!-- Asset Transactions -->
        <!-- -->
        
        <AssetTransactions>
            
            <NumberOfAssetTransactions>2</NumberOfAssetTransactions>
            
            <AssetTransaction>
                <AssetTransactionID>ASSTR001</AssetTransactionID>
                <AssetID>VW001</AssetID>
                <AssetTransactionType>PU</AssetTransactionType>
                <Description>Volkswagem POLO</Description>
                <AssetTransactionDate>2019-01-02</AssetTransactionDate>
                <Supplier>
                    <SupplierName>VW Budapest</SupplierName>
                    <SupplierID>SUPL034</SupplierID>
                </Supplier>
                
                <TransactionID>TR034</TransactionID>
                
                <AssetTransactionValuations>
                    <AssetTransactionValuation>
                        <AssetValuationType>MARKETVALUE</AssetValuationType>
                        <AcquisitionAndProductionCostsOnTransaction>100000</AcquisitionAndProductionCostsOnTransaction>
                        <BookValueOnTransaction>100000</BookValueOnTransaction>
                        <AssetTransactionAmount>100000</AssetTransactionAmount>
                        <DebitCreditIndicator>D</DebitCreditIndicator>
                    </AssetTransactionValuation>
                </AssetTransactionValuations>
            </AssetTransaction>
            
            <AssetTransaction>
                
                <AssetTransactionID>ASSTR002</AssetTransactionID>
                <AssetID>MACH001</AssetID>
                <AssetTransactionType>PU</AssetTransactionType>
                <Description>Sewing Machine</Description>
                <AssetTransactionDate>2019-01-02</AssetTransactionDate>
                
                <Supplier>
                    <SupplierName>Sewing Company</SupplierName>
                    <SupplierID>SUPL040</SupplierID>
                </Supplier>
                
                <TransactionID>TR040</TransactionID>
                
                <AssetTransactionValuations>
                    <AssetTransactionValuation>
                        <AssetValuationType>COSTMETHOD</AssetValuationType>
                        <AcquisitionAndProductionCostsOnTransaction>200000</AcquisitionAndProductionCostsOnTransaction>
                        <BookValueOnTransaction>200000</BookValueOnTransaction>
                        <AssetTransactionAmount>200000</AssetTransactionAmount>
                        <DebitCreditIndicator>D</DebitCreditIndicator>
                    </AssetTransactionValuation>
                </AssetTransactionValuations>
            </AssetTransaction>
            
        </AssetTransactions>
        
    </TransactionalData>
    
    <!-- -->
    <!-- Reporting Data -->
    <!-- -->
    
    <ReportingData>
        
        <!-- -->
        <!-- Physical Stock -->
        <!-- -->
        
        <PhysicalStock>
            
            <PhysicalStockEntry>
                
                <WarehouseID>WH001</WarehouseID>
                <ProductCode>PRD001</ProductCode>
                <StockAccountNo>23000</StockAccountNo>
                <StandardProductType>PS</StandardProductType>
                <CompanyProductType>DAIRYPROD</CompanyProductType>
                           
                <ProductStatus>ACTIVE</ProductStatus>
                <StockAccountCommodityCode>Import</StockAccountCommodityCode>
                
                <!-- If there is any consignment, and the Owner is not the company. The supplier must be on Master Data -->
                <OwnerSupplierID>SUPL001</OwnerSupplierID>
                
                <UOMPhysicalStock>LTR</UOMPhysicalStock>
                <UOMToUOMBaseConversionFactor>-1</UOMToUOMBaseConversionFactor>
                
                <UnitPrice>10</UnitPrice>
 
                <!-- Opening balances must equal to previous Fiscal Year closing procedures -->
                <OpeningStockQuantity>10</OpeningStockQuantity>
                <OpeningStockValue>100</OpeningStockValue>
                
                <!-- ClosingStockQuantity = OpeningStockQuantity + TotalIncreaseQuantity - TotalDecreaseQuantitiy -->
                <ClosingStockQuantity>5</ClosingStockQuantity>
                <!-- ClosingStockValue = OpeningStockValue + TotalIncreaseValue - TotalDecreaseValue -->
                <ClosingStockValue>50</ClosingStockValue>
                
                <TotalIncreaseQuantity>20</TotalIncreaseQuantity>
                <TotalIncreaseValue>200</TotalIncreaseValue>
                <TotalDecreaseQuantitiy>25</TotalDecreaseQuantitiy>
                <TotalDecreaseValue>250</TotalDecreaseValue>
                
                <StockCharacteristics>
                    <StockCharacteristic>Pack</StockCharacteristic>
                    <StockCharacteristicValue>XL</StockCharacteristicValue>
                </StockCharacteristics>
                
            </PhysicalStockEntry>
        
        </PhysicalStock>
        
        <!-- -->
        <!-- VAT Analytics -->
        <!-- -->   
        
        <VATAnalitics>
            
            <NumberOfEntries>2</NumberOfEntries>
            <TotalInputTaxAmount>27</TotalInputTaxAmount>
            <TotalOutputTaxAmount>54</TotalOutputTaxAmount>
            
            <VATBalance>27</VATBalance>
            
            <Line>
                
                <LineNumber>1</LineNumber>
                <VATAccountID>467</VATAccountID>
                
                <!-- Unique source document or the aggregated posting -->
                <SourceDocumentID>AGR001</SourceDocumentID>
                <SourceDocumentDate>2019-01-11</SourceDocumentDate>
                
                <TaxPointDate>2019-01-11</TaxPointDate>
                
                <DeliveryPeriod>
                    <FromDate>2021-01-11</FromDate>
                    <ToDate>2020-01-12</ToDate>
                </DeliveryPeriod>
                
                <GLPostingDate>2019-01-11</GLPostingDate>
                <DueDate>2019-03-11</DueDate>
                <PaymentDate>2020-01-10</PaymentDate>
                
                <Taxinformation>
                    
                    <TaxType>104</TaxType>
                    <TaxCode>VAT27</TaxCode>
                    <TaxPercentage>27</TaxPercentage>
                    <TaxBase>200</TaxBase>
                   
                    <TaxAmount>
                        <AmountHUF>54</AmountHUF>
                        <Amount>54</Amount>
                        <CurrencyCode>HUF</CurrencyCode>
                        <CurrencyAmount>54</CurrencyAmount>
                    </TaxAmount>
                    <TaxDeclarationPeriodType>M</TaxDeclarationPeriodType>
                    <TaxDeclarationPeriod>2019-01</TaxDeclarationPeriod>
                    
                </Taxinformation>
                
                <TransactionID>TR0001</TransactionID>
                
                <GrossTotal>
                    <AmountHUF>254</AmountHUF>
                    <Amount>254</Amount>
                    <CurrencyCode>HUF</CurrencyCode>
                    <CurrencyAmount>254</CurrencyAmount>
                    <ExchangeRate>1</ExchangeRate>
                </GrossTotal>
                
                <NetTotal>
                    <AmountHUF>200</AmountHUF>
                    <Amount>200</Amount>
                    <CurrencyCode>HUF</CurrencyCode>
                    <CurrencyAmount>200</CurrencyAmount>
                    <ExchangeRate>1</ExchangeRate>
                </NetTotal>
                
                <Description></Description>
                <CustomerID>CST001</CustomerID>
                
                <TaxDeclarationInfo>
                    <TaxDeclarationRowID>1</TaxDeclarationRowID>
                    <TaxDeclarationRowDescription>VAT PAID</TaxDeclarationRowDescription>
                </TaxDeclarationInfo>
                
            </Line>
            
            <Line>
                
                <LineNumber>2</LineNumber>
                <VATAccountID>466</VATAccountID>
                
                <!-- Unique source document or the aggregated posting -->
                <SourceDocumentID>AGR002</SourceDocumentID>
                <SourceDocumentDate>2019-01-11</SourceDocumentDate>
                
                <TaxPointDate>2019-01-11</TaxPointDate>
                
                <GLPostingDate>2019-01-11</GLPostingDate>
                <DueDate>2019-01-11</DueDate>
                <PaymentDate>2019-05-31</PaymentDate>
                
                <Taxinformation>
                    
                    <TaxType>104</TaxType>
                    <TaxCode>VAT27</TaxCode>
                    <TaxPercentage>27</TaxPercentage>
                    <TaxBase>100</TaxBase>
                    
                    <TaxAmount>
                        <AmountHUF>27</AmountHUF>
                        <Amount>27</Amount>
                        <CurrencyCode>HUF</CurrencyCode>
                        <CurrencyAmount>27</CurrencyAmount>
                    </TaxAmount>
                    <TaxDeclarationPeriodType>M</TaxDeclarationPeriodType>
                    <TaxDeclarationPeriod>2019-01</TaxDeclarationPeriod>
                    
                </Taxinformation>
                
                <TransactionID>TR0002</TransactionID>
                
                <GrossTotal>
                    <AmountHUF>127</AmountHUF>
                    <Amount>127</Amount>
                    <CurrencyCode>HUF</CurrencyCode>
                    <CurrencyAmount>127</CurrencyAmount>
                    <ExchangeRate>1</ExchangeRate>
                </GrossTotal>
                
                <NetTotal>
                    <AmountHUF>100</AmountHUF>
                    <Amount>100</Amount>
                    <CurrencyCode>HUF</CurrencyCode>
                    <CurrencyAmount>100</CurrencyAmount>
                    <ExchangeRate>1</ExchangeRate>
                </NetTotal>
                
                <Description></Description>
                <SupplierID>SUP001</SupplierID>
                
                <TaxDeclarationInfo>
                    <TaxDeclarationRowID>1</TaxDeclarationRowID>
                    <TaxDeclarationRowDescription>VAT DEDUCT</TaxDeclarationRowDescription>
                </TaxDeclarationInfo>
                
            </Line>
            
        </VATAnalitics>
        
        <CustomerOutstandingInvoices>
            <NumberofEntries>1</NumberofEntries>
            <Customer>
                <CustomerID>CST001</CustomerID>
                <CustomerName>SuperMarkets of Pest KFT</CustomerName>
                <TotalDebit>-220086400.40</TotalDebit>
                <TotalCredit>921872188.95</TotalCredit>
                <OutstandingInvoice>
                    <InvoiceType>OD</InvoiceType>
                    <InvoiceNo>3431921199</InvoiceNo>
                    <InvoiceDate>2019-12-19</InvoiceDate>
                    <GLPostingDate>2020-10-09Z</GLPostingDate>
                    <DueDate>2020-10-09Z</DueDate>
                    <DeliveryDate>2021-06-13Z</DeliveryDate>
                    <DeliveryPeriod>
                    </DeliveryPeriod>
                    <TransactionID>1003431921199</TransactionID>
                    <Description>Invoice Posting</Description>
                    <GrossTotal>
                        <Amount>1375999138.08</Amount>
                        <CurrencyCode>HUF</CurrencyCode>
                        <CurrencyAmount>1623289137.10</CurrencyAmount>
                    </GrossTotal>
                    <UnpaidAmount>
                        <Amount>635157355.84</Amount>
                        <CurrencyCode>HUF</CurrencyCode>
                        <CurrencyAmount>1030326508.94</CurrencyAmount>
                    </UnpaidAmount>
                    <DebitCreditIndicator>D</DebitCreditIndicator>
                </OutstandingInvoice>
            </Customer>
        </CustomerOutstandingInvoices>
        
        <SupplierOutstandingInvoices>
            <NumberofEntries>1</NumberofEntries>
            <Supplier>
                <SupplierID>SUP001</SupplierID>
                <SupplierName>SuperWine Pest ZRT</SupplierName>
                <TotalDebit>-36127475.62</TotalDebit>
                <TotalCredit>-1178531357.44</TotalCredit>
                <OutstandingInvoice>
                    <InvoiceType>OD</InvoiceType>
                    <InvoiceNo>1239211001</InvoiceNo>
                    <InvoiceDate>2021-02-04</InvoiceDate>
                    <GLPostingDate>2021-03-08</GLPostingDate>
                    <DueDate>2020-10-28Z</DueDate>
                    <DeliveryDate>2020-12-02Z</DeliveryDate>
                    <DeliveryPeriod>
                    </DeliveryPeriod>
                    <TransactionID>991239211001</TransactionID>
                    <Description>Invoice Posting</Description>
                    <GrossTotal>
                        <Amount>1626821567.85</Amount>
                        <CurrencyCode>HUF</CurrencyCode>
                        <CurrencyAmount>215513567.25</CurrencyAmount>
                    </GrossTotal>
                    <UnpaidAmount>
                        <Amount>1024400026.07</Amount>
                        <CurrencyCode>HUF</CurrencyCode>
                        <CurrencyAmount>-1331501261.32</CurrencyAmount>
                    </UnpaidAmount>
                    <DebitCreditIndicator>D</DebitCreditIndicator>
                </OutstandingInvoice>
            </Supplier>
        </SupplierOutstandingInvoices>
    </ReportingData>
</AuditFile>
