<?xml version="1.0" encoding="UTF-8"?>
<AuditFile xmlns="http://schemas.nav.gov.hu/SAFT_HU/1.0"
 xmlns:xsi="http://www.w3.org/2001/XMLSchema-instance"
 xsi:schemaLocation="http://schemas.nav.gov.hu/SAFT_HU/1.0 SAFTHU_Payment_Lines.xsd"
 xmlns:doc="urn:schemas-OECD:schema-extensions:documentation">
    <Header>
        <AuditFileVersion>1_00</AuditFileVersion>
        <AuditFileDateCreated>2020-02-01</AuditFileDateCreated>
        
        <!-- Refers an existing AuditID (audit case from central systems) and TOC (submission "wave") -->
        <AuditID>NAV_2019_2983</AuditID>
        <TOCID>NAV_TOC_12981273</TOCID>
        
        <!-- Name of the software company that GENERATED the SAFT -->
        <SoftwareCompanyName>MAGSOFT</SoftwareCompanyName>
        <SoftwareID>MAGSOFT SAFT Generator</SoftwareID>
        <SoftwareVersion>1.5</SoftwareVersion>
        
        <!-- Name of the software company that developed the accounting program, 
             ERP or software from where the data is coming from -->
        <DataSourceCompanyName>SAPHIRE</DataSourceCompanyName>
        <DataSourceSystem>SAPHIRE ERP</DataSourceSystem>
        <DataSourceSystemVersion>3.1</DataSourceSystemVersion>
        
        <Company>
            <Name>MAGYAR RETAIL</Name>
            <Address>
                <DetailedAddress>
                    <CountryCode>HU</CountryCode>
                    <PostalCode>1133</PostalCode>
                    <City>Budapest</City>
                    <StreetName>K치rp치t</StreetName>
                    <PublicPlaceCategory>utca</PublicPlaceCategory>
                    <Number>999</Number>
                    <Building>1</Building>
                    <Staircase>2</Staircase>
                    <Floor>3</Floor>
                    <Door>6</Door>
                    <LotNumber>33891</LotNumber>
                    <Website>www.magyarretail.hu</Website>
                </DetailedAddress>
            </Address>
            <Contact>
                <ContactPerson>Mr. Viktor Nagy Barko</ContactPerson>
                <Telephone>+36 80 400-400</Telephone>
                <Fax>+36 80 400-500</Fax>
                <Email>viktor.barko@magyarretail.hu</Email>
            </Contact>
            <DocumentationAddress>
                <SimpleAddress>
                    <CountryCode>HU</CountryCode>
                    <PostalCode>1133</PostalCode>
                    <City>Budapest</City>
                    <AdditionalAddressDetail>K치rp치t utca 999</AdditionalAddressDetail>
                </SimpleAddress>
            </DocumentationAddress>
            <BankAccount>
                <BankAccountNumber>1111110180000000</BankAccountNumber>
                <BankAccountName>BANKACC11111</BankAccountName>
            </BankAccount>
            <TaxNumber>18876544</TaxNumber>
            <EUVATNumber>HU18876544</EUVATNumber>
            <GroupVATNumber>18876544</GroupVATNumber>
            <GroupCorpTaxNumber>18876544</GroupCorpTaxNumber>
        </Company>
        
        <DefaultCurrencyCode>HUF</DefaultCurrencyCode>
        
        <!-- The selection criteria used to generate the data set -->
        <SelectionCriteria>
            
            <!-- Fiscal Calendar of the company on the moment of the file generation -->
            <FiscalCalendar>
                <FiscalCalendarStartDate>2019-01-01</FiscalCalendarStartDate>
                <FiscalCalendarEndDate>2019-12-31</FiscalCalendarEndDate>
            </FiscalCalendar>
            
            <SelectionStartDate>2019-01-01</SelectionStartDate>
            <SelectionEndDate>2019-12-31</SelectionEndDate>
            
            <PeriodStart>N1 01</PeriodStart>
            <PeriodEnd>N1 12</PeriodEnd>
            <PeriodYear>2019</PeriodYear>
            
        </SelectionCriteria>
        
        <HeaderComment>Some remarks</HeaderComment>
        <TaxEntity>Budapest</TaxEntity>
        
        <FileContentType>TR</FileContentType>
        
        <NumberOfParts>1</NumberOfParts>
        <PartNumber>1</PartNumber>
        
    </Header>
    
    <!--  -->
    <!-- Transactional Data -->
    <!--  -->
    
    <TransactionalData>
        
        <!-- PYM Lines -->
        
        <PaymentLines>
            
            <NumberOfLineEntries>1</NumberOfLineEntries>
            <TotalDebit>0</TotalDebit>
            <TotalCredit>127</TotalCredit>
            <Line>
            
                <PaymentRefNo>PYM001</PaymentRefNo>
                <LineNumber>1</LineNumber>
                <SourceDocumentID>PURCHASE_INVOICE001</SourceDocumentID>
                <AccountID>111</AccountID>
                <SupplierID>SUP001</SupplierID>
                <Description>Sugar</Description>
                <DebitCreditIndicator>C</DebitCreditIndicator>
                
                <PaymentLineAmount>
                    <Amount>127</Amount>
                    <CurrencyCode>HUF</CurrencyCode>
                    <CurrencyAmount>127</CurrencyAmount>
                    <ExchangeRateTax>1</ExchangeRateTax>
                </PaymentLineAmount>
                
                <PaymentMethod>MT</PaymentMethod>
                
                <Settlements>
                    <Settlement>
                        <SettlementDiscount>Want</SettlementDiscount>
                        <SettlementAmount>
                                <Amount>27</Amount>
                                <CurrencyCode>HUF</CurrencyCode>
                                <CurrencyAmount>27</CurrencyAmount>
                        </SettlementAmount>
                        <SettlementDate>2019-01-31</SettlementDate>
                    </Settlement>
                </Settlements>
                <SourceID>USERJOHN</SourceID>
                
            </Line>
        </PaymentLines>
        
    </TransactionalData>
    
</AuditFile>
