<?xml version="1.0" encoding="UTF-8"?>
<AuditFile xmlns="http://schemas.nav.gov.hu/SAFT_HU/1.0"
 xmlns:xsi="http://www.w3.org/2001/XMLSchema-instance"
 xsi:schemaLocation="http://schemas.nav.gov.hu/SAFT_HU/1.0 SAFT_HU_Integrated.xsd"
 xmlns:doc="urn:schemas-OECD:schema-extensions:documentation">
    <Header>
        <AuditFileVersion>1_00</AuditFileVersion>
        <AuditFileDateCreated>2020-02-01</AuditFileDateCreated>
        
        <!-- Refers an existing AuditID (audit case from central systems) and TOC (submission "wave") -->
        <AuditID>NAV_2019_2983</AuditID>
        <TOCID>NAV_TOC_12981273</TOCID>
        
        <!-- Name of the software company that GENERATED the SAFT -->
        <SoftwareCompanyName>MAGSOFT</SoftwareCompanyName>
        <SoftwareID>MAGSOFT SAFT Generator</SoftwareID>
        <SoftwareVersion>1.5</SoftwareVersion>
        
        <!-- Name of the software company that developed the accounting program, 
             ERP or software from where the data is coming from -->
        <DataSourceCompanyName>SAPHIRE</DataSourceCompanyName>
        <DataSourceSystem>SAPHIRE ERP</DataSourceSystem>
        <DataSourceSystemVersion>3.1</DataSourceSystemVersion>
        
        <Company>
            <Name>MAGYAR RETAIL</Name>
            <Address>
                <DetailedAddress>
                    <CountryCode>HU</CountryCode>
                    <PostalCode>1007</PostalCode>
                    <City>Budapest</City>
                    <StreetName>Kárpát</StreetName>
                    <PublicPlaceCategory>utca</PublicPlaceCategory>
                    <Number>999</Number>
                    <Building>1</Building>
                    <Staircase>2</Staircase>
                    <Floor>3</Floor>
                    <Door>6</Door>
                    <LotNumber>12</LotNumber>
                    <Website>www.magyarretail.hu</Website>
                </DetailedAddress>
            </Address>
            <Contact>
                <ContactPerson>Mr. Viktor Nagy Barko</ContactPerson>
                <Telephone>+36 80 400-400</Telephone>
                <Fax>+36 80 400-500</Fax>
                <Email>viktor.barko@magyarretail.hu</Email>
            </Contact>
            <DocumentationAddress>
                <SimpleAddress>
                    <CountryCode>HU</CountryCode>
                    <PostalCode>1007</PostalCode>
                    <City>Budapest</City>
                    <AdditionalAddressDetail>Kárpát utca 999</AdditionalAddressDetail>
                </SimpleAddress>
            </DocumentationAddress>
            <BankAccount>
                <BankAccountNumber>111110180000000</BankAccountNumber>
                <BankAccountName>BANKACC11111</BankAccountName>
            </BankAccount>
            <TaxNumber>1887654467</TaxNumber>
            <EUVATNumber>HU887654467</EUVATNumber>
            <GroupVATNumber>1887654467</GroupVATNumber>
            <GroupCorpTaxNumber>1887654467</GroupCorpTaxNumber>
        </Company>
        
        <DefaultCurrencyCode>HUF</DefaultCurrencyCode>
        
        <!-- The selection criteria used to generate the data set -->
        <SelectionCriteria>
            
            <!-- Fiscal Calendar of the company on the moment of the file generation -->
            <FiscalCalendar>
                <FiscalCalendarStartDate>2019-01-01</FiscalCalendarStartDate>
                <FiscalCalendarEndDate>2019-12-31</FiscalCalendarEndDate>
            </FiscalCalendar>
            
            <SelectionStartDate>2019-01-01</SelectionStartDate>
            <SelectionEndDate>2019-12-31</SelectionEndDate>
            
            <PeriodStart>N1 01</PeriodStart>
            <PeriodEnd>N1 12</PeriodEnd>
            <PeriodYear>2019</PeriodYear>
            
        </SelectionCriteria>
        
        <HeaderComment>Some remarks</HeaderComment>
        <TaxEntity>Budapest</TaxEntity>
        
        <FileContentType>GL</FileContentType>
        
        <NumberOfParts>2</NumberOfParts>
        <PartNumber>1</PartNumber>
        
    </Header>
    
    <!-- -->
    <!-- MASTER DATA -->
    <!-- -->
    
    <MasterData>
        
        <!-- Journal IDs Definitions -->
        
        <Journals>
            <Journal>
                <JournalID>CC</JournalID>
                <Description>Cost Code</Description>
                <Type>CostAcc</Type>
            </Journal>
            <Journal>
                <JournalID>GE</JournalID>
                <Description>General Ledger Entry</Description>
                <Type>GLEAcc</Type>
            </Journal>
            <Journal>
                <JournalID>RE</JournalID>
                <Description>Revenues</Description>
                <Type>GLEAcc</Type>
            </Journal>
        </Journals>
        
        <!-- Chart of Accounts - General Ledger accounts definition -->
        
        <GeneralLedgerAccounts>
            <AccountingReference>HUCOA</AccountingReference>
            
            <Account>
                <AccountID>1</AccountID>
                <AccountDescription>FIXED ASSETS</AccountDescription>
                <GroupingCategory>S</GroupingCategory>
                <GroupingCode>ROOT</GroupingCode>
                <AccountCreationDate>2019-01-02</AccountCreationDate>
            </Account>
            
                
            <Account>
                <AccountID>11</AccountID>
                <AccountDescription>INTANGIBLE ASSETS</AccountDescription>
                <GroupingCategory>A</GroupingCategory>
                <GroupingCode>1</GroupingCode>
                <AccountCreationDate>2019-01-02</AccountCreationDate>
            </Account>
            
            <Account>
                <AccountID>115</AccountID>
                <AccountDescription>Goodwill</AccountDescription>
                <StandardAccountID>1151</StandardAccountID>
                <GroupingCategory>A</GroupingCategory>
                <GroupingCode>11</GroupingCode>
                <AccountCreationDate>2019-01-02</AccountCreationDate>
            </Account>
            
            <Account>
                <AccountID>115001</AccountID>
                <AccountDescription>Goodwill Details</AccountDescription>
                <StandardAccountID>1151</StandardAccountID>
                <GroupingCategory>M</GroupingCategory>
                <GroupingCode>115</GroupingCode>
                <AccountCreationDate>2019-01-02</AccountCreationDate>
            </Account>
            
            <Account>
                <AccountID>21</AccountID>
                <AccountDescription>Customers</AccountDescription>
                <GroupingCategory>S</GroupingCategory>
                <GroupingCode>ROOT</GroupingCode>
                <AccountCreationDate>2019-01-02</AccountCreationDate>
            </Account>
            
            <Account>
                <AccountID>211</AccountID>
                <AccountDescription>European Customers</AccountDescription>
                <StandardAccountID>3114</StandardAccountID>
                <GroupingCategory>A</GroupingCategory>
                <GroupingCode>21</GroupingCode>
                <AccountCreationDate>2019-01-02</AccountCreationDate>
            </Account>
            
            <Account>
                <AccountID>2111</AccountID>
                <AccountDescription>Czabolin</AccountDescription>
                <StandardAccountID>3114</StandardAccountID>
                <GroupingCategory>M</GroupingCategory>
                <GroupingCode>211</GroupingCode>
                <AccountCreationDate>2020-01-02</AccountCreationDate>
            </Account>
            
            <Account>
                <AccountID>22</AccountID>
                <AccountDescription>Suppliers</AccountDescription>
                <GroupingCategory>S</GroupingCategory>
                <GroupingCode>ROOT</GroupingCode>
                <AccountCreationDate>2019-01-02</AccountCreationDate>
            </Account>
            
            <Account>
                <AccountID>221</AccountID>
                <AccountDescription>Hungarian Suppliers</AccountDescription>
                <StandardAccountID>4541</StandardAccountID>
                <GroupingCategory>A</GroupingCategory>
                <GroupingCode>22</GroupingCode>
                <AccountCreationDate>2019-01-02</AccountCreationDate>
            </Account>
            
            <Account>
                <AccountID>2211</AccountID>
                <AccountDescription>Gergelini</AccountDescription>
                <StandardAccountID>4541</StandardAccountID>
                <GroupingCategory>M</GroupingCategory>
                <GroupingCode>221</GroupingCode>
                <AccountCreationDate>2020-01-02Z</AccountCreationDate>
            </Account>
            
            <Account>
                <AccountID>71</AccountID>
                <AccountDescription>Revenues</AccountDescription>
                <GroupingCategory>A</GroupingCategory>
                <GroupingCode>ROOT</GroupingCode>
                <AccountCreationDate>2019-01-02</AccountCreationDate>
            </Account>
            
            <Account>
                <AccountID>711</AccountID>
                <AccountDescription>Product Revenue</AccountDescription>
                <StandardAccountID>9110</StandardAccountID>
                <GroupingCategory>M</GroupingCategory>
                <GroupingCode>71</GroupingCode>
                <AccountCreationDate>2019-01-02</AccountCreationDate>
            </Account>
            
            <Account>
                <AccountID>712</AccountID>
                <AccountDescription>Services Revenue</AccountDescription>
                <StandardAccountID>9110</StandardAccountID>
                <GroupingCategory>M</GroupingCategory>
                <GroupingCode>71</GroupingCode>
                <AccountCreationDate>2019-01-02</AccountCreationDate>
            </Account>
            
            <Account>
                <AccountID>61</AccountID>
                <AccountDescription>Costs</AccountDescription>
                <GroupingCategory>A</GroupingCategory>
                <GroupingCode>ROOT</GroupingCode>
                <AccountCreationDate>2019-01-02</AccountCreationDate>
            </Account>
            
            <Account>
                <AccountID>611</AccountID>
                <AccountDescription>Manufacturing Costs</AccountDescription>
                <StandardAccountID>5130</StandardAccountID>
                <GroupingCategory>M</GroupingCategory>
                <GroupingCode>71</GroupingCode>
                <AccountCreationDate>2019-01-02</AccountCreationDate>
            </Account>
            
            <Account>
                <AccountID>612</AccountID>
                <AccountDescription>Raw Materials</AccountDescription>
                <StandardAccountID>5110</StandardAccountID>
                <GroupingCategory>M</GroupingCategory>
                <GroupingCode>71</GroupingCode>
                <AccountCreationDate>2019-01-02</AccountCreationDate>
            </Account>
              
        </GeneralLedgerAccounts>
        
        <!-- Customer master Data -->
        
        <Customers>
            
            <Customer>
                <Name>SuperMarkets of Pest KFT</Name>
                <Address>
                    <SimpleAddress>
                        <CountryCode>HU</CountryCode>
                        <PostalCode>1007</PostalCode>
                        <City>Budapest</City>
                        <AdditionalAddressDetail>Kárpát utca 999</AdditionalAddressDetail>
                    </SimpleAddress>
                </Address>
                <Contact>
                    <ContactPerson>Atila Nagy</ContactPerson>
                    <Telephone>+36 80 400-401</Telephone>
                    <Fax>+36 80 400-501</Fax>
                    <Email>atila.nagy@superpest.hu</Email>
                </Contact>
               
                <BankAccount>
                    <IBANNumber>HU42 1177 3016 1111 2018 0000 0000</IBANNumber>
                </BankAccount>
                
                <TaxNumber>1887654461</TaxNumber>
                <EUVATNumber>HU887654461</EUVATNumber>
                <GroupVATNumber>1887654461</GroupVATNumber>
                <GroupCorpTaxNumber>1887654461</GroupCorpTaxNumber>
                
                <CustomerID>CST001</CustomerID>
                <SelfBillingIndicator>false</SelfBillingIndicator>
                
            </Customer>
            
            <Customer>
                <Name>SuperMarkets of Buda KFT</Name>
                <Address>
                    <SimpleAddress>
                        <CountryCode>HU</CountryCode>
                        <PostalCode>1007</PostalCode>
                        <City>Budapest</City>
                        <AdditionalAddressDetail>Kárpát utca 777</AdditionalAddressDetail>
                    </SimpleAddress>
                </Address>
                <Contact>
                    <ContactPerson>Orsi Nagy</ContactPerson>
                    <Telephone>+36 80 400-403</Telephone>
                    <Fax>+36 80 400-503</Fax>
                    <Email>orsi.nagy@superbuda.hu</Email>
                </Contact>
                
                <BankAccount>
                    <IBANNumber>HU42 1177 3016 1111 1018 1000 0000</IBANNumber>
                </BankAccount>
                
                <TaxNumber>18876544</TaxNumber>
                <EUVATNumber>HU18876544</EUVATNumber>
                <GroupVATNumber>1887654461</GroupVATNumber>
                <GroupCorpTaxNumber>1887654461</GroupCorpTaxNumber>
                
                <CustomerID>CST002</CustomerID>
                <SelfBillingIndicator>false</SelfBillingIndicator>
                
            </Customer>
            
        </Customers>  
            
        <!-- Supplier master Data -->     
            
        <Suppliers>
            
            <Supplier>
                <Name>SuperWine Pest ZRT</Name>
                <Address>
                    <SimpleAddress>
                        <CountryCode>HU</CountryCode>
                        <PostalCode>1007</PostalCode>
                        <City>Budapest</City>
                        <AdditionalAddressDetail>Kárpát utca 999</AdditionalAddressDetail>
                    </SimpleAddress>
                </Address>
                <Contact>
                    <ContactPerson>Bela Antos</ContactPerson>
                    <Telephone>+36 80 400-401</Telephone>
                    <Fax>+36 80 400-501</Fax>
                    <Email>bela.antos@superwine.hu</Email>
                </Contact>
                
                <BankAccount>
                    <IBANNumber>HU42 1177 3016 1111 2018 0800 0000</IBANNumber>
                </BankAccount>
                
                <TaxNumber>18876544</TaxNumber>
                <EUVATNumber>HU18876544</EUVATNumber>
                <GroupVATNumber>1887654468</GroupVATNumber>
                <GroupCorpTaxNumber>1887654468</GroupCorpTaxNumber>
                
                <SupplierID>SUP001</SupplierID>
                <SelfBillingIndicator>false</SelfBillingIndicator>
                
            </Supplier>
            
            <Supplier>
                <Name>Groc Buda KFT</Name>
                <Address>
                    <SimpleAddress>
                        <CountryCode>HU</CountryCode>
                        <PostalCode>1007</PostalCode>
                        <City>Budapest</City>
                        <AdditionalAddressDetail>Kárpát utca 999</AdditionalAddressDetail>
                    </SimpleAddress>
                </Address>
                <Contact>
                    <ContactPerson>Janos Andor</ContactPerson>
                    <Telephone>+36 80 400-409</Telephone>
                    <Fax>+36 80 400-509</Fax>
                    <Email>janos.andor@grocbuda.hu</Email>
                </Contact>
                
                <BankAccount>
                    <IBANNumber>HU42 1177 3016 1111 2018 0000 0000</IBANNumber>
                </BankAccount>
                
                <TaxNumber>1887654464</TaxNumber>
                <EUVATNumber>HU887654464</EUVATNumber>
                <GroupVATNumber>1887654464</GroupVATNumber>
                <GroupCorpTaxNumber>1887654464</GroupCorpTaxNumber>
                
                <SupplierID>SUP002</SupplierID>
                <SelfBillingIndicator>false</SelfBillingIndicator>
                  
            </Supplier>
            
        </Suppliers>
                      
        <!-- Tax Table -->      
                 
        <TaxTable>
            
            <TaxTableEntry>
                
                <TaxType>104</TaxType>
                <Description>Value added tax</Description>
                
                <TaxCodeDetails>
                    <TaxCode>VAT27</TaxCode>
                    <EffectiveDate>2016-01-01</EffectiveDate>
                    <ExpirationDate>2090-12-31</ExpirationDate>
                    <Description>Normal VAT 27%</Description>
                    <TaxPercentage>27.00</TaxPercentage>
                    <Country>HU</Country>
                    <TaxDeclarationInfo>
                        <TaxDeclarationRowID>C0007CA</TaxDeclarationRowID>
                        <TaxDeclarationRowDescription>27 %-os kulcs alá tartozó értékesítés</TaxDeclarationRowDescription>
                    </TaxDeclarationInfo>
                </TaxCodeDetails>
                
                <TaxCodeDetails>
                    <TaxCode>FLATVAT</TaxCode>
                    <EffectiveDate>2019-12-29</EffectiveDate>
                    <ExpirationDate>2020-01-12</ExpirationDate>
                    <Description>Flat VAT tax</Description>
                    <FlatTaxRate>
                        <Amount>100.00</Amount>
                        <CurrencyCode>HUF</CurrencyCode>
                        <CurrencyAmount>100.00</CurrencyAmount>
                    </FlatTaxRate>
                    <Country>HU</Country>
                    <TaxDeclarationInfo>
                        <TaxDeclarationRowID>C0007CA</TaxDeclarationRowID>
                        <TaxDeclarationRowDescription>27 %-os kulcs alá tartozó értékesítés</TaxDeclarationRowDescription>
                    </TaxDeclarationInfo>
                </TaxCodeDetails>
                
                <TaxCodeDetails>
                    <TaxCode>VAT18</TaxCode>
                    <EffectiveDate>2016-01-01</EffectiveDate>
                    <ExpirationDate>2090-12-31</ExpirationDate>
                    <Description>Normal VAT 18%</Description>
                    <TaxPercentage>9.00</TaxPercentage>
                    <Country>HU</Country>
                    <TaxDeclarationInfo>
                        <TaxDeclarationRowID>C0013CA</TaxDeclarationRowID>
                        <TaxDeclarationRowDescription>18 %-os kulcs alá tartozó értékesítés</TaxDeclarationRowDescription>
                    </TaxDeclarationInfo>
                </TaxCodeDetails>
                
            </TaxTableEntry>
            
        </TaxTable>
        
        <!-- Analysis Type Table --> 
        
        <AnalysisTypeTable>
            
            <AnalysisTypeTableEntry>
                <AnalysisType>CSTHR</AnalysisType>
                <AnalysisTypeDescription>Cost Center HR</AnalysisTypeDescription>
                <AnalysisID>HRDIR</AnalysisID>
                <AnalysisIDDescription>Human Resources Direct Costs</AnalysisIDDescription>
            </AnalysisTypeTableEntry>
            
            <AnalysisTypeTableEntry>
                <AnalysisType>CSTHR</AnalysisType>
                <AnalysisTypeDescription>Cost Center HR</AnalysisTypeDescription>
                <AnalysisID>HRIND</AnalysisID>
                <AnalysisIDDescription>Human Resources Indirect Costs</AnalysisIDDescription>
            </AnalysisTypeTableEntry>
            
            <AnalysisTypeTableEntry>
                <AnalysisType>PRO</AnalysisType>
                <AnalysisTypeDescription>Profit Center</AnalysisTypeDescription>
                <AnalysisID>PRWIN</AnalysisID>
                <AnalysisIDDescription>Revenues Wine</AnalysisIDDescription>
            </AnalysisTypeTableEntry>
            
            <AnalysisTypeTableEntry>
                <AnalysisType>PRO</AnalysisType>
                <AnalysisTypeDescription>Profit Center</AnalysisTypeDescription>
                <AnalysisID>PRGRC</AnalysisID>
                <AnalysisIDDescription>Revenues Groceries</AnalysisIDDescription>
            </AnalysisTypeTableEntry>
            
            <AnalysisTypeTableEntry>
                <AnalysisType>PRJ</AnalysisType>
                <AnalysisTypeDescription>Project Building</AnalysisTypeDescription>
                <AnalysisID>PRBUL</AnalysisID>
                <AnalysisIDDescription>Building Project</AnalysisIDDescription>
            </AnalysisTypeTableEntry>
            
        </AnalysisTypeTable>
        
        <!-- Warehouses definition --> 
        
        <Warehouses>
            
            <WarehouseEntry>
                <WarehouseID>MAINWH</WarehouseID>
                <Description>Main Warehouse</Description>
                <Address>
                    <SimpleAddress>
                        <CountryCode>HU</CountryCode>
                        <PostalCode>1007</PostalCode>
                        <City>Budapest</City>
                        <AdditionalAddressDetail>Kárpát utca 123</AdditionalAddressDetail>
                    </SimpleAddress>
                </Address>
                <OwnForeignStock>O</OwnForeignStock>
            </WarehouseEntry>
            
            <WarehouseEntry>
                <WarehouseID>SECWH</WarehouseID>
                <Description>Secondary Warehouse</Description>
                <Address>
                    <SimpleAddress>
                        <CountryCode>HU</CountryCode>
                        <Region>Pest</Region>
                        <PostalCode>1007</PostalCode>
                        <City>Budapest</City>
                        <AdditionalAddressDetail>Kárpát utca 321</AdditionalAddressDetail>
                    </SimpleAddress>
                </Address>
                <OwnForeignStock>O</OwnForeignStock>
            </WarehouseEntry>
            
        </Warehouses>
        
        <!-- Unit of Measures table definition --> 
        
        <UOMTable>
            
            <UOMTableEntry>
                <UnitOfMeasure>KG</UnitOfMeasure>
                <Description>Kilograms</Description>
            </UOMTableEntry>
            
            <UOMTableEntry>
                <UnitOfMeasure>LTR</UnitOfMeasure>
                <Description>Litres</Description>
            </UOMTableEntry>
            
            <UOMTableEntry>
                <UnitOfMeasure>CL</UnitOfMeasure>
                <Description>Centiliters</Description>
            </UOMTableEntry>
            
            <UOMTableEntry>
                <UnitOfMeasure>HR</UnitOfMeasure>
                <Description>Hours</Description>
            </UOMTableEntry>
            
        </UOMTable>
        
        <!-- Movement types table definition --> 
        
        <MovementTypeTable>
            
            <MovementTypeTableEntry>
                <MovementType>101</MovementType>
                <StandardMovementType>PO</StandardMovementType>
                <Description>Goods receipt for purchase order or order</Description>
            </MovementTypeTableEntry>
            
            <MovementTypeTableEntry>
                <MovementType>301</MovementType>
                <StandardMovementType>TR</StandardMovementType>
                <Description>Transfer</Description>
            </MovementTypeTableEntry>
            
        </MovementTypeTable>
        
        <!-- Products --> 
        
        <Products>
            
            <Product>
                <ProductCode>PRD001</ProductCode>
                <GoodsServicesID>P</GoodsServicesID>
                <ProductGroup>DAIRY</ProductGroup>
                <Description>Milk Milky 50cl</Description>
                <ProductCommodityCode>Import</ProductCommodityCode>
                <ProductNumberCode>PRD001DMM01</ProductNumberCode>
                
                <Tariff>
                    <TariffCodeType>NORMALTAR</TariffCodeType>
                    <TariffCodeValue>10.2</TariffCodeValue>
                </Tariff>
                
                <StandardValuationMethod>CAP</StandardValuationMethod>
                <CompanyValuationMethod>CAP</CompanyValuationMethod>
                
                <UOMBase>CL</UOMBase>
                <UOMStandard>LTR</UOMStandard>
                <UOMToUOMBaseConversionFactor>0.1</UOMToUOMBaseConversionFactor>
                
                <TaxIndicator>
                    <TaxType>104</TaxType>
                    <TaxCode>VAT27</TaxCode>
                </TaxIndicator>
                
            </Product>
            
            <Product>
                <ProductCode>SRV001</ProductCode>
                <GoodsServicesID>S</GoodsServicesID>
                <ProductGroup>CONSULTING</ProductGroup>
                <Description>Brand Management</Description>
                <ProductNumberCode>PRD001DMM01</ProductNumberCode>
                
                <Tariff>
                    <TariffCodeType>NORMALTAR</TariffCodeType>
                    <TariffCodeValue>5.5</TariffCodeValue>
                </Tariff>
                
                <StandardValuationMethod>OME</StandardValuationMethod>
                <CompanyValuationMethod>STDPR</CompanyValuationMethod>
                
                <UOMBase>HR</UOMBase>
                <UOMStandard>HR</UOMStandard>
                <UOMToUOMBaseConversionFactor>1</UOMToUOMBaseConversionFactor>
                
                <TaxIndicator>
                    <TaxType>104</TaxType>
                    <TaxCode>VAT27</TaxCode>
                </TaxIndicator>
                
            </Product>
            
        </Products>
        
        <!-- Owners --> 
        
        <Owners>
            <Owner>
                <Name>Ferenc Puskás</Name>
                <Address>
                    <SimpleAddress>
                        <CountryCode>HU</CountryCode>
                        <PostalCode>1007</PostalCode>
                        <City>Budapest</City>
                        <AdditionalAddressDetail>Kárpát utca 23 999</AdditionalAddressDetail>
                    </SimpleAddress>
                </Address>
                <Contact>
                    <ContactPerson>Ferenc Puskás</ContactPerson>
                    <Telephone>+36 80 488-401</Telephone>
                    <Fax>+36 80 488-501</Fax>
                    <Email>ferenc.Puskás@something.hu</Email>
                </Contact>
                <BankAccount>
                    <IBANNumber>HU42 1177 3016 1111 2018 0000 0000</IBANNumber>
                </BankAccount>
                
                <TaxNumber>1887654468</TaxNumber>
                <EUVATNumber>HU887654468</EUVATNumber>
                <GroupVATNumber>1887654468</GroupVATNumber>
                <GroupCorpTaxNumber>1887654468</GroupCorpTaxNumber>
                <OwnerID>OWN01</OwnerID>
                
            </Owner>
            
            <Owner>
                <Name>Sándor Kocsis</Name>
                <Address>
                    <SimpleAddress>
                        <CountryCode>HU</CountryCode>
                        <PostalCode>1007</PostalCode>
                        <City>Budapest</City>
                        <AdditionalAddressDetail>Kárpát utca 23 999</AdditionalAddressDetail>
                    </SimpleAddress>
                </Address>
                <Contact>
                    <ContactPerson>Ferenc Puskás</ContactPerson>
                    <Telephone>+36 80 488-401</Telephone>
                    <Fax>+36 80 488-501</Fax>
                    <Email>sandor.kocsis@something.hu</Email>
                </Contact>
                <BankAccount>
                    <IBANNumber>HU42 1177 3016 1111 2018 0000 0000</IBANNumber>
                </BankAccount>
                
                <TaxNumber>1887654468</TaxNumber>
                <EUVATNumber>HU887654468</EUVATNumber>
                <GroupVATNumber>1887654468</GroupVATNumber>
                <GroupCorpTaxNumber>1887654468</GroupCorpTaxNumber>
                <OwnerID>OWN02</OwnerID>
                
            </Owner>
        </Owners>
        
        <!-- Assets -->
        
        <Assets>
            
            <Asset>
                <AssetID>BMW520_1</AssetID>
                <AccountID>131001</AccountID>
                <Description>Management Assets</Description>
                <Supplier>
                    <SupplierName>BMW</SupplierName>
                    <SupplierID>1092</SupplierID>
                    <PostalAddress>
                        <SimpleAddress>
                            <CountryCode>HU</CountryCode>
                            <PostalCode>1007</PostalCode>
                            <City>Budapest</City>
                            <AdditionalAddressDetail>Kárpát utca 23 999</AdditionalAddressDetail>
                        </SimpleAddress>
                    </PostalAddress>
                </Supplier>
                <StartUpDate>2010-10-10</StartUpDate>
                
                <Valuations>
                    <Valuation>
                        <ValuationClass>FV</ValuationClass>
                        <AcquisitionAndProductionCostsBegin>50000</AcquisitionAndProductionCostsBegin>
                        <AssetLifeYear>10</AssetLifeYear>
                        <DepreciationForPeriod>4000</DepreciationForPeriod>
                        <BookValueEnd>14000</BookValueEnd>
                    </Valuation>
                </Valuations>
            </Asset>
            
            <Asset>
                <AssetID>FRG01</AssetID>
                <AccountID>131001</AccountID>
                <Description>Frigo</Description>
                <Supplier>
                    <SupplierName>Philips</SupplierName>
                    <SupplierID>1093</SupplierID>
                    <PostalAddress>
                        <SimpleAddress>
                            <CountryCode>HU</CountryCode>
                            <PostalCode>1007</PostalCode>
                            <City>Budapest</City>
                            <AdditionalAddressDetail>Kárpát utca 2837 999</AdditionalAddressDetail>
                        </SimpleAddress>
                    </PostalAddress>
                </Supplier>
                <StartUpDate>2017-01-02</StartUpDate>
                
                <Valuations>
                    <Valuation>
                        <ValuationClass>FV</ValuationClass>
                        <AcquisitionAndProductionCostsBegin>5000</AcquisitionAndProductionCostsBegin>
                        <AssetLifeYear>5</AssetLifeYear>
                        <DepreciationForPeriod>800</DepreciationForPeriod>
                        <BookValueEnd>3400</BookValueEnd>
                    </Valuation>
                </Valuations>
            </Asset>
            
        </Assets>
        
    </MasterData>
    
    <!--  -->
    <!-- Transactional Data -->
    <!--  -->
    
    <TransactionalData>
        
        
        <!-- GL Entries ... Accounting -->
        <!--  -->
        
        <!-- GLE Headers -->
        
        <GeneralLedgerEntriesHeaders>
            
            <NumberOfHeaderEntries>2</NumberOfHeaderEntries>
            
            <Header>
                <JournalID>GE</JournalID>
                <TransactionID>GLE001</TransactionID>
                <Period>N1 01</Period>
                <PeriodYear>2019</PeriodYear>
                <TransactionDate>2019-01-09</TransactionDate>
                <TransactionType>NO</TransactionType>
                <Description>GL Entry 001</Description>
                <SystemID>INT_ID_ERP_GLE001</SystemID>
            </Header>
            <Header>
                <JournalID>RE</JournalID>
                <TransactionID>GLE002</TransactionID>
                <Period>N1 01</Period>
                <PeriodYear>2019</PeriodYear>
                <TransactionDate>2019-01-09</TransactionDate>
                <TransactionType>NO</TransactionType>
                <Description>GL Entry 002</Description>    
                <SystemID>INT_ID_ERP_GLE002</SystemID>
            </Header>
        </GeneralLedgerEntriesHeaders>
        
        <!-- GLE Lines -->
        
        <GeneralLedgerEntriesLines>
            <NumberOfLineEntries>4</NumberOfLineEntries>
            <TotalDebitOfLines>20</TotalDebitOfLines>
            <TotalCreditOfLines>20</TotalCreditOfLines>
            
            <Line>
                <!-- FK: GeneralLedgerEntriesHeaders.Header.TransactionID -->
                <TransactionID>GLE001</TransactionID>
                <RecordID>GLE001.1</RecordID>
                <AccountID>11.1</AccountID>
                <Analysis>
                    <AnalysisType>PRO</AnalysisType>
                    <AnalysisID>PRWIN</AnalysisID>
                    <AnalysisAmount>
                        <Amount>10</Amount>
                        <CurrencyCode>HUF</CurrencyCode>
                        <CurrencyAmount>10</CurrencyAmount>
                        <CreditDebitIndicator>D</CreditDebitIndicator> 
                    </AnalysisAmount>
                </Analysis>
                <ValueDate>2019-01-19</ValueDate>
                <SourceDocumentID>INV001</SourceDocumentID>
                <Description>Receivables</Description>
                <DebitAmount>
                    <Amount>10</Amount>
                    <CurrencyCode>HUF</CurrencyCode>
                    <CurrencyAmount>10</CurrencyAmount>
                    <ExchangeRate>1</ExchangeRate>
                </DebitAmount>
                <TaxInformation>
                    <TaxType>104</TaxType>
                    <TaxCode>VAT27</TaxCode>
                    <TaxPercentage>27.00</TaxPercentage>
                    <TaxBase>10</TaxBase>
                    <TaxAmount>
                        <AmountHUF>2.7</AmountHUF>
                        <Amount>2.7</Amount>
                        <CurrencyCode>HUF</CurrencyCode>
                        <CurrencyAmount>2.7</CurrencyAmount>
                    </TaxAmount>
                    <TaxExemptionReason>NONE</TaxExemptionReason>
                </TaxInformation>
                <CustomerID>CST001</CustomerID>
                <SourceID>ERPUSERJOHN</SourceID>
                <SystemEntryDate>2019-01-31T10:10:02</SystemEntryDate>
            </Line>
             
            <Line>
                <!-- FK: GeneralLedgerEntriesHeaders.Header.TransactionID -->
                <TransactionID>GLE001</TransactionID>
                <RecordID>GLE001.2</RecordID>
                <AccountID>61.1</AccountID>
                <Analysis>
                    <AnalysisType>PRO</AnalysisType>
                    <AnalysisID>PRWIN</AnalysisID>
                    <AnalysisAmount>
                        <Amount>10</Amount>
                        <CurrencyCode>HUF</CurrencyCode>
                        <CurrencyAmount>10</CurrencyAmount>
                        <CreditDebitIndicator>C</CreditDebitIndicator>
                    </AnalysisAmount>
                </Analysis>
                <ValueDate>2019-01-19</ValueDate>
                <SourceDocumentID>INV001</SourceDocumentID>
                <Description>Others</Description>
                <CreditAmount>
                    <Amount>10</Amount>
                    <CurrencyCode>HUF</CurrencyCode>
                    <CurrencyAmount>10</CurrencyAmount>
                    <ExchangeRate>1</ExchangeRate>
                </CreditAmount>
                <TaxInformation>
                    <TaxType>104</TaxType>
                    <TaxCode>VAT27</TaxCode>
                    <TaxPercentage>27.00</TaxPercentage>
                    <TaxBase>10</TaxBase>
                    <TaxAmount>
                        <AmountHUF>2.7</AmountHUF>
                        <Amount>2.7</Amount>
                        <CurrencyCode>HUF</CurrencyCode>
                        <CurrencyAmount>2.7</CurrencyAmount>
                    </TaxAmount>
                    <TaxExemptionReason>NONE</TaxExemptionReason>
                </TaxInformation>
                <CustomerID>CST001</CustomerID>
                <SourceID>ERPUSERJOHN</SourceID>
                <SystemEntryDate>2019-01-31T10:10:02</SystemEntryDate>
            </Line>
            
            <Line>
                <!-- FK: GeneralLedgerEntriesHeaders.Header.TransactionID -->
                <TransactionID>GLE002</TransactionID>
                <RecordID>GLE002.1</RecordID>
                <AccountID>11.1</AccountID>
                <Analysis>
                    <AnalysisType>PRO</AnalysisType>
                    <AnalysisID>PRWIN</AnalysisID>
                    <AnalysisAmount>
                        <Amount>10</Amount>
                        <CurrencyCode>HUF</CurrencyCode>
                        <CurrencyAmount>10</CurrencyAmount>
                        <CreditDebitIndicator>D</CreditDebitIndicator>
                    </AnalysisAmount>
                </Analysis>
                <ValueDate>2019-01-19</ValueDate>
                <SourceDocumentID>INV001</SourceDocumentID>
                <Description>Receivables</Description>
                <DebitAmount>
                    <Amount>10</Amount>
                    <CurrencyCode>HUF</CurrencyCode>
                    <CurrencyAmount>10</CurrencyAmount>
                    <ExchangeRate>1</ExchangeRate>
                </DebitAmount>
                <TaxInformation>
                    <TaxType>104</TaxType>
                    <TaxCode>VAT27</TaxCode>
                    <TaxPercentage>27.00</TaxPercentage>
                    <TaxBase>10</TaxBase>
                    <TaxAmount>
                        <AmountHUF>2.7</AmountHUF>
                        <Amount>2.7</Amount>
                        <CurrencyCode>HUF</CurrencyCode>
                        <CurrencyAmount>2.7</CurrencyAmount>
                    </TaxAmount>
                    <TaxExemptionReason>NONE</TaxExemptionReason>
                </TaxInformation>
                <CustomerID>CST001</CustomerID>
                <SourceID>ERPUSERJOHN</SourceID>
                <SystemEntryDate>2019-01-31T20:09:02</SystemEntryDate>
            </Line>
            
            <Line>
                <!-- FK: GeneralLedgerEntriesHeaders.Header.TransactionID -->
                <TransactionID>GLE002</TransactionID>
                <RecordID>GLE002.2</RecordID>
                <AccountID>71.1</AccountID>
                <Analysis>
                    <AnalysisType>PRO</AnalysisType>
                    <AnalysisID>PRWIN</AnalysisID>
                    <AnalysisAmount>
                        <Amount>10</Amount>
                        <CurrencyCode>HUF</CurrencyCode>
                        <CurrencyAmount>10</CurrencyAmount>
                        <CreditDebitIndicator>C</CreditDebitIndicator>
                    </AnalysisAmount>
                </Analysis>
                <ValueDate>2019-01-19</ValueDate>
                <SourceDocumentID>INV001</SourceDocumentID>
                <Description>Receivables</Description>
                <CreditAmount>
                    <Amount>10</Amount>
                    <CurrencyCode>HUF</CurrencyCode>
                    <CurrencyAmount>10</CurrencyAmount>
                    <ExchangeRate>1</ExchangeRate>
                </CreditAmount>
                <TaxInformation>
                    <TaxType>104</TaxType>
                    <TaxCode>VAT27</TaxCode>
                    <TaxPercentage>27.00</TaxPercentage>
                    <TaxBase>10</TaxBase>
                    <TaxAmount>
                        <AmountHUF>2.7</AmountHUF>
                        <Amount>2.7</Amount>
                        <CurrencyCode>HUF</CurrencyCode>
                        <CurrencyAmount>2.7</CurrencyAmount>
                    </TaxAmount>
                    <TaxExemptionReason>NONE</TaxExemptionReason>
                </TaxInformation>
                <CustomerID>CST001</CustomerID>
                <SourceID>ERPUSERJOHN</SourceID>
                <SystemEntryDate>2019-01-31T20:09:02</SystemEntryDate>
            </Line>
            
        </GeneralLedgerEntriesLines>
        
        <!-- Sales Invoice -->
        <!--  -->
        
        <!-- SI Headers -->
        
        <SalesInvoicesHeaders>
            
            <NumberOfHeaderEntries>2</NumberOfHeaderEntries>
            
            <Header>
                
                <InvoiceNo>INV001</InvoiceNo>
                <Period>N1 01</Period>
                <InvoiceDate>2019-01-14</InvoiceDate>
                <InvoiceCategoryType>N</InvoiceCategoryType>
                <InvoiceType>IN</InvoiceType>
                <SourceBilling>P</SourceBilling>
                
                <ShipTo>
                    <DeliveryID>DEL001</DeliveryID>
                    <DeliveryDate>2019-01-14</DeliveryDate>
                    <WarehouseID>NA</WarehouseID>
                    <Address>
                        <SimpleAddress>
                            <CountryCode>HU</CountryCode>
                            <PostalCode>1007</PostalCode>
                            <City>Budapest</City>
                            <AdditionalAddressDetail>Kárpát utca 999</AdditionalAddressDetail>
                        </SimpleAddress>
                    </Address>
                </ShipTo>
                
                <ShipFrom>
                    <DeliveryID>DEL001</DeliveryID>
                    <DeliveryDate>2019-01-14</DeliveryDate>
                    <WarehouseID>WH001</WarehouseID>
                    <Address>
                        <SimpleAddress>
                            <CountryCode>HU</CountryCode>
                            <PostalCode>1007</PostalCode>
                            <City>Budapest</City>
                            <AdditionalAddressDetail>Kárpát utca 999</AdditionalAddressDetail>
                        </SimpleAddress>
                    </Address>
                </ShipFrom>
                
                <DueDate>
                    <DueDateDate>2019-01-14</DueDateDate>
                </DueDate>
                <SelfBillingIndicator>NS</SelfBillingIndicator>
                <SourceID>USER001</SourceID>
                
                <Settlements>
                    <Settlement>
                        <SettlementDiscount>Downpayment</SettlementDiscount>
                        <SettlementAmount>
                            <Amount>10</Amount>
                            <CurrencyCode>HUF</CurrencyCode>
                            <CurrencyAmount>10</CurrencyAmount>
                        </SettlementAmount>
                        <SettlementDate>2019-01-14</SettlementDate>
                    </Settlement>
                </Settlements>
                
                <DocumentTotals>
                    <NetTotal>
                        <Amount>100</Amount>
                        <CurrencyCode>HUF</CurrencyCode>
                        <CurrencyAmount>100</CurrencyAmount>
                    </NetTotal>
                    
                    <GrossTotal>
                        <Amount>127</Amount>
                        <CurrencyCode>HUF</CurrencyCode>
                        <CurrencyAmount>127</CurrencyAmount>
                    </GrossTotal>
                    
                    <TaxInformationTotals>
                        <TaxType>104</TaxType>
                        <TaxCode>VAT27</TaxCode>
                        <TaxAmount>
                            <AmountHUF>27</AmountHUF>
                            <Amount>27</Amount>
                            <CurrencyCode>HUF</CurrencyCode>
                            <CurrencyAmount>27</CurrencyAmount>
                        </TaxAmount>
                    </TaxInformationTotals>
                </DocumentTotals>
                
                <CustomerInfo>
                    <CustomerID>CST001</CustomerID>
                </CustomerInfo>
                
            </Header>
            
            <Header>
                
                <InvoiceNo>INV002</InvoiceNo>
                <Period>N1 01</Period>
                <InvoiceDate>2019-01-14</InvoiceDate>
                <InvoiceCategoryType>N</InvoiceCategoryType>
                <InvoiceType>IN</InvoiceType>
                <!-- The SourceBilling Indicator, refers the system that is generating the transaction. -->
                <SourceBilling>P</SourceBilling>
                
                <ShipTo>
                    <DeliveryID>DEL002</DeliveryID>
                    <DeliveryDate>2019-01-14</DeliveryDate>
                    <WarehouseID>NA</WarehouseID>
                    <Address>
                        <SimpleAddress>
                            <CountryCode>HU</CountryCode>
                            <PostalCode>1007</PostalCode>
                            <City>Budapest</City>
                            <AdditionalAddressDetail>Kárpát utca 999</AdditionalAddressDetail>
                        </SimpleAddress>
                    </Address>
                </ShipTo>
                
                <ShipFrom>
                    <DeliveryID>DEL002</DeliveryID>
                    <DeliveryDate>2019-01-14</DeliveryDate>
                    <WarehouseID>WH001</WarehouseID>
                    <Address>
                        <SimpleAddress>
                            <CountryCode>HU</CountryCode>
                            <PostalCode>1007</PostalCode>
                            <City>Budapest</City>
                            <AdditionalAddressDetail>Kárpát utca 999</AdditionalAddressDetail>
                        </SimpleAddress>
                    </Address>
                </ShipFrom>
                
                <DueDate>
                    <DueDateDate>2019-01-14</DueDateDate>
                </DueDate>
                <SelfBillingIndicator>NS</SelfBillingIndicator>
                <SourceID>USER001</SourceID>
                
                <!-- No Settlement on this invoice -->
                
                <DocumentTotals>
                    <NetTotal>
                        <Amount>100</Amount>
                        <CurrencyCode>HUF</CurrencyCode>
                        <CurrencyAmount>100</CurrencyAmount>
                    </NetTotal>
                    
                    <GrossTotal>
                        <Amount>127</Amount>
                        <CurrencyCode>HUF</CurrencyCode>
                        <CurrencyAmount>127</CurrencyAmount>
                    </GrossTotal>
                    
                    <TaxInformationTotals>
                        <TaxType>104</TaxType>
                        <TaxCode>VAT27</TaxCode>
                        <TaxAmount>
                            <AmountHUF>27</AmountHUF>
                            <Amount>27</Amount>
                            <CurrencyCode>HUF</CurrencyCode>
                            <CurrencyAmount>27</CurrencyAmount>
                        </TaxAmount>
                    </TaxInformationTotals>
                </DocumentTotals>
                
                <CustomerInfo>
                    <Name>SuperMarkets of Pest</Name>
                    <BillingAddress>
                        <SimpleAddress>
                            <CountryCode>HU</CountryCode>
                            <PostalCode>1007</PostalCode>
                            <City>Budapest</City>
                            <AdditionalAddressDetail>Kárpát utca 999</AdditionalAddressDetail>
                        </SimpleAddress>
                    </BillingAddress>
                    <TaxNumber>1887654461</TaxNumber>
                </CustomerInfo>
                
            </Header>
             
        </SalesInvoicesHeaders>
        
        <!-- Purchase Invoices -->
        <!--  -->
        
        <!-- PI Headers -->
        
        <PurchaseInvoicesHeaders>
        
            <NumberOfHeaderEntries>2</NumberOfHeaderEntries>
            
            <Header>
                
                <InvoiceNo>INV001</InvoiceNo>
                <Period>N1 01</Period>
                <InvoiceDate>2019-01-14</InvoiceDate>
                <InvoiceCategoryType>N</InvoiceCategoryType>
                <InvoiceType>IN</InvoiceType>
                
                <ShipTo>
                    <DeliveryID>DEL001</DeliveryID>
                    <DeliveryDate>2019-01-14</DeliveryDate>
                    <WarehouseID>NA</WarehouseID>
                    <Address>
                        <SimpleAddress>
                            <CountryCode>HU</CountryCode>
                            <PostalCode>1133</PostalCode>
                            <City>Budapest</City>
                            <AdditionalAddressDetail>Kárpát utca 999</AdditionalAddressDetail>
                        </SimpleAddress>
                    </Address>
                </ShipTo>
                
                <ShipFrom>
                    <DeliveryID>DEL001</DeliveryID>
                    <DeliveryDate>2019-01-14</DeliveryDate>
                    <WarehouseID>WH001</WarehouseID>
                    <Address>
                        <SimpleAddress>
                            <CountryCode>HU</CountryCode>
                            <PostalCode>1133</PostalCode>
                            <City>Budapest</City>
                            <AdditionalAddressDetail>Kárpát utca 999</AdditionalAddressDetail>
                        </SimpleAddress>
                    </Address>
                </ShipFrom>
                
                <DueDate>
                    <DueDateDate>2019-01-14</DueDateDate>
                </DueDate>
                <SelfBillingIndicator>NS</SelfBillingIndicator>
                <SourceID>USER001</SourceID>
                
                <Settlements>
                    <Settlement>
                        <SettlementDiscount>Downpayment</SettlementDiscount>
                        <SettlementAmount>
                            <Amount>10</Amount>
                            <CurrencyCode>HUF</CurrencyCode>
                            <CurrencyAmount>10</CurrencyAmount>
                        </SettlementAmount>
                        <SettlementDate>2019-01-14</SettlementDate>
                    </Settlement>
                </Settlements>
                
                <DocumentTotals>
                    <NetTotal>
                        <Amount>100</Amount>
                        <CurrencyCode>HUF</CurrencyCode>
                        <CurrencyAmount>100</CurrencyAmount>
                    </NetTotal>
                    
                    <GrossTotal>
                        <Amount>127</Amount>
                        <CurrencyCode>HUF</CurrencyCode>
                        <CurrencyAmount>127</CurrencyAmount>
                    </GrossTotal>
                </DocumentTotals>
                
                <SupplierInfo>
                    <Name>Velocifero</Name>
                    <BillingAddress>
                        <SimpleAddress>
                            <CountryCode>HU</CountryCode>
                            <PostalCode>1142</PostalCode>
                            <City>Budapest</City>
                            <AdditionalAddressDetail>Darvas utca 12</AdditionalAddressDetail>
                        </SimpleAddress>
                    </BillingAddress>
                </SupplierInfo>
                
            </Header>
            
            <Header>
                
                <InvoiceNo>INV002</InvoiceNo>
                <Period>N1 01</Period>
                <InvoiceDate>2019-01-14</InvoiceDate>
                <InvoiceCategoryType>N</InvoiceCategoryType>
                <InvoiceType>IN</InvoiceType>
                
                <ShipTo>
                    <DeliveryID>DEL002</DeliveryID>
                    <DeliveryDate>2019-01-14</DeliveryDate>
                    <!-- If is not available, we should not use the tag. on the example, we dont know the ID of the destination warehouse -->
                    <!-- <WarehouseID></WarehouseID> -->
                    <Address>
                        <SimpleAddress>
                            <CountryCode>HU</CountryCode>
                            <PostalCode>1133</PostalCode>
                            <City>Budapest</City>
                            <AdditionalAddressDetail>Kárpát utca 999</AdditionalAddressDetail>
                        </SimpleAddress>
                    </Address>
                </ShipTo>
                
                <ShipFrom>
                    <DeliveryID>DEL00</DeliveryID>
                    <DeliveryDate>2019-01-14</DeliveryDate>
                    <WarehouseID>WH001</WarehouseID>
                    <Address>
                        <SimpleAddress>
                            <CountryCode>HU</CountryCode>
                            <PostalCode>1133</PostalCode>
                            <City>Budapest</City>
                            <AdditionalAddressDetail>Kárpát utca 999</AdditionalAddressDetail>
                        </SimpleAddress>
                    </Address>
                </ShipFrom>
                
                <DueDate>
                    <DueDateDate>2019-01-14</DueDateDate>
                </DueDate>
                <SelfBillingIndicator>NS</SelfBillingIndicator>
                <SourceID>USER001</SourceID>
                
                <!-- No Settlement on this invoice -->
                
                <DocumentTotals>
                    <NetTotal>
                        <Amount>100</Amount>
                        <CurrencyCode>HUF</CurrencyCode>
                        <CurrencyAmount>100</CurrencyAmount>
                    </NetTotal>
                    
                    <GrossTotal>
                        <Amount>127</Amount>
                        <CurrencyCode>HUF</CurrencyCode>
                        <CurrencyAmount>127</CurrencyAmount>
                    </GrossTotal>
                </DocumentTotals>
                
                <SupplierInfo>
                    <SupplierID>FL011</SupplierID>
                </SupplierInfo>
                
            </Header>
             
        </PurchaseInvoicesHeaders>
        
        <!-- Lines -->
        
        <PurchaseInvoicesLines>
            
            <NumberOfLinesEntries>1</NumberOfLinesEntries>
            
            <TotalDebit>100</TotalDebit>
            <TotalCredit>0</TotalCredit>
            
            <Line>
                
                <InvoiceNo>INV001</InvoiceNo>
                <LineNumber>1</LineNumber>
                
                <Analysis>
                    <AnalysisType>PRO</AnalysisType>
                    <AnalysisID>PRGRC</AnalysisID>
                    <AnalysisAmount>
                        <Amount>100</Amount>
                        <CurrencyCode>HUF</CurrencyCode>
                        <CurrencyAmount>100</CurrencyAmount>
                        <CreditDebitIndicator>D</CreditDebitIndicator>
                    </AnalysisAmount>
                </Analysis>
                
                <References>
                    <DocumentReferenceType>OR</DocumentReferenceType>
                    <DocumentReferenceDate>2019-01-10</DocumentReferenceDate>
                    <DocumentReference>PO001</DocumentReference>
                    <Reason>No Reason</Reason>
                </References>
                
                <!-- Multiple delivery points -->
                
                <ShipTo>
                    <DeliveryID>DEL002</DeliveryID>
                    <DeliveryDate>2019-01-14</DeliveryDate>
                    <WarehouseID>NA</WarehouseID>
                    <Address>
                        <SimpleAddress>
                            <CountryCode>HU</CountryCode>
                            <PostalCode>1133</PostalCode>
                            <City>Budapest</City>
                            <AdditionalAddressDetail>Kárpát utca 999</AdditionalAddressDetail>
                        </SimpleAddress>
                    </Address>
                </ShipTo>
                
                <ShipFrom>
                    <DeliveryID>DEL00</DeliveryID>
                    <DeliveryDate>2019-01-14</DeliveryDate>
                    <WarehouseID>WH001</WarehouseID>
                    <Address>
                        <SimpleAddress>
                            <CountryCode>HU</CountryCode>
                            <PostalCode>1133</PostalCode>
                            <City>Budapest</City>
                            <AdditionalAddressDetail>Kárpát utca 999</AdditionalAddressDetail>
                        </SimpleAddress>
                    </Address>
                </ShipFrom>
                
                <GoodsServicesCode>PR</GoodsServicesCode>
                <ProductCode>PRD001</ProductCode>
                <ProductDescription>Milky Milk</ProductDescription>
                
                <Delivery>
                    
                    <!-- The delivery can have multiple movement of goods, or one Delivery date or one Delivery period -->
                    <MovementReference>MG001</MovementReference>
                    <MovementReference>MG002</MovementReference>
                    
                </Delivery>
                
                <Quantity>10</Quantity>
                <InvoiceUOM>LTR</InvoiceUOM>
                <UOMToUOMBaseConversionFactor>1</UOMToUOMBaseConversionFactor>
                <UnitPrice>10</UnitPrice>
                <Description>Milky Milk</Description>
                
                <InvoiceLineAmount>
                    <Amount>100</Amount>
                    <CurrencyCode>HUF</CurrencyCode>
                    <CurrencyAmount>100</CurrencyAmount>
                </InvoiceLineAmount>
                
                <TaxInformation>
                    <TaxType>104</TaxType>
                    <TaxCode>VAT27</TaxCode>
                    <TaxPercentage>27</TaxPercentage>
                    <TaxBase>100</TaxBase>
                    <TaxAmount>
                        <AmountHUF>27</AmountHUF>
                        <Amount>27</Amount>
                        <CurrencyCode>HUF</CurrencyCode>
                        <CurrencyAmount>27</CurrencyAmount>
                    </TaxAmount>
                    <TaxExemptionReason>NONE</TaxExemptionReason>
                </TaxInformation>
                
                <TaxInformation>
                    <TaxType>104</TaxType>
                    <TaxCode>A_SURTAX</TaxCode>
                    <TaxPercentage>10</TaxPercentage>
                    <TaxBase>100</TaxBase>
                    <TaxAmount>
                        <AmountHUF>10</AmountHUF>
                        <Amount>10</Amount>
                        <CurrencyCode>HUF</CurrencyCode>
                        <CurrencyAmount>10</CurrencyAmount>
                    </TaxAmount>
                    <TaxExemptionReason>NONE</TaxExemptionReason>
                </TaxInformation>
                
            </Line>
            
        </PurchaseInvoicesLines>
        
        <!-- -->
        <!-- Payments -->
        <!-- -->
        
        <!-- PYM Headers -->
        
        <PaymentHeaders>
            
            <NumberOfHeaderEntries>1</NumberOfHeaderEntries>
            <SumGrossTotal>127</SumGrossTotal>
            
            <Header>
                
                <PaymentRefNo>PYM001</PaymentRefNo>
                <Period>N1 01</Period>
                <TransactionID>GLE001</TransactionID>
                <TransactionDate>2019-01-27</TransactionDate>
                <Description>Payment of raw materials</Description>
                <SystemID>PDUUOR7</SystemID>
                <DebitCreditIndicator>D</DebitCreditIndicator>
                <GrossTotal>127</GrossTotal>
                
            </Header>
            
        </PaymentHeaders>
        
        <!-- PYM Lines -->
        
        <PaymentLines>
            
            <NumberOfLineEntries>1</NumberOfLineEntries>
            <TotalDebit>0</TotalDebit>
            <TotalCredit>127</TotalCredit>
            <Line>
            
                <PaymentRefNo>PYM001</PaymentRefNo>
                <LineNumber>1</LineNumber>
                <SourceDocumentID>PURCHASE_INVOICE001</SourceDocumentID>
                <AccountID>111</AccountID>
                <SupplierID>SUP001</SupplierID>
                <Description>Sugar</Description>
                <DebitCreditIndicator>C</DebitCreditIndicator>
                
                <PaymentLineAmount>
                    <Amount>127</Amount>
                    <CurrencyCode>HUF</CurrencyCode>
                    <CurrencyAmount>127</CurrencyAmount>
                    <ExchangeRateTax>1</ExchangeRateTax>
                </PaymentLineAmount>
                
                <PaymentMethod>MT</PaymentMethod>
                
                <Settlements>
                    <Settlement>
                        <SettlementDiscount>Want</SettlementDiscount>
                        <SettlementAmount>
                                <Amount>27</Amount>
                                <CurrencyCode>HUF</CurrencyCode>
                                <CurrencyAmount>27</CurrencyAmount>
                        </SettlementAmount>
                        <SettlementDate>2019-01-31</SettlementDate>
                    </Settlement>
                </Settlements>
                <SourceID>USERJOHN</SourceID>
                
            </Line>
            
        </PaymentLines>
        
        <!-- -->
        <!-- Stock Movements -->
        <!-- -->
        
        <!-- Stock Movement Headers -->
        
        <StockMovementHeaders>
            
            <NumberOfMovementHeaders>2</NumberOfMovementHeaders>
            
            <Header>
                <SystemID>STK001_IID001</SystemID>
                <MovementDate>2019-01-23</MovementDate>
                <MovementPostingDate>2019-01-23</MovementPostingDate>
                <SourceID>USERJOHN</SourceID>
                
                <DocumentReference>
                    <DocumentType>DN</DocumentType>
                    <DocumentNumber>DELIV_NOTE_001</DocumentNumber>
                    <DocumentLine>1</DocumentLine>
                </DocumentReference>
            </Header>
            
            <Header>
                <SystemID>STK002_IID002</SystemID>
                <MovementDate>2019-01-31</MovementDate>
                <MovementPostingDate>2019-01-31</MovementPostingDate>
                <SourceID>USERMARY</SourceID>
                
                <DocumentReference>
                    <DocumentType>DN</DocumentType>
                    <DocumentNumber>MI001</DocumentNumber>
                    <DocumentLine>1</DocumentLine>
                </DocumentReference>
            </Header>
            
        </StockMovementHeaders>
        
        <!-- Stock Movement Lines -->
        
        <StockMovementLines>
            
            <NumberOfMovementLines>2</NumberOfMovementLines>
            <TotalQuantityReceived>10</TotalQuantityReceived>
            <TotalQuantityIssued>20</TotalQuantityIssued>
            
            <Line>
                <MovementReference>STK001</MovementReference>
                <LineNumber>1</LineNumber>
                <TransactionID>TR002</TransactionID>
                <CustomerID>CST001</CustomerID>
                
                <ShipTo>
                    
                    <DeliveryID>DELID001</DeliveryID>
                    <DeliveryDate>2019-01-23</DeliveryDate>
                    
                    <!--- We don't have the Warehouse ID as it is from the customer. Populated with NULL if we dont have info ??? -->
                    <WarehouseID>NULL</WarehouseID>
                    
                    <Address>
                        <SimpleAddress>
                            <CountryCode>HU</CountryCode>
                            <PostalCode>1133</PostalCode>
                            <City>Budapest</City>
                            <AdditionalAddressDetail>Kárpát utca 999</AdditionalAddressDetail>
                        </SimpleAddress>
                    </Address>
                    
                </ShipTo>
                
                <ShipFrom>
                    
                    <DeliveryID>DELID001</DeliveryID>
                    <DeliveryDate>2019-01-23</DeliveryDate>
                    
                    <!--- As we are issuing an item from stock, our source Warehouse ID must be posted -->
                    <WarehouseID>WH001</WarehouseID>
                    
                    <Address>
                        <SimpleAddress>
                            <CountryCode>HU</CountryCode>
                            <PostalCode>1133</PostalCode>
                            <City>Budapest</City>
                            <AdditionalAddressDetail>Zoltán utca 100</AdditionalAddressDetail>
                        </SimpleAddress>
                    </Address>
                    
                </ShipFrom> 
                <ProductCode>PRD001</ProductCode>
                
                <ProductInformation>
                    <Quantity>20</Quantity>
                    <UnitOfMeasure>KG</UnitOfMeasure>
                    <StockAccountNo>23000</StockAccountNo>
                    <UOMToUOMPhysicalStockConversionFactor>1</UOMToUOMPhysicalStockConversionFactor>
                </ProductInformation>
                
                <BookValue>100</BookValue>
                <MovementType>301</MovementType>
                <MovementSubType>O</MovementSubType>
                <MovementComments>Delivery Note from INV001</MovementComments>
                
            </Line>
            
            <Line>
                <MovementReference>STK002</MovementReference>
                <LineNumber>1</LineNumber>
                <TransactionID>TR00123</TransactionID>
                <SupplierID>SUP001</SupplierID>
                
                <ShipTo>
                    
                    <DeliveryID>DELID001</DeliveryID>
                    <DeliveryDate>2019-01-23</DeliveryDate>
                    
                    <WarehouseID>WH001</WarehouseID>
                    
                    <Address>
                        <SimpleAddress>
                            <CountryCode>HU</CountryCode>
                            <PostalCode>1133</PostalCode>
                            <City>Budapest</City>
                            <AdditionalAddressDetail>Kárpát utca 100</AdditionalAddressDetail>
                        </SimpleAddress>
                    </Address>
                    
                </ShipTo>
                
                <ShipFrom>
                    
                    <DeliveryID>DELID001</DeliveryID>
                    <DeliveryDate>2019-01-23</DeliveryDate>
                    
                    <!--- We don't have the Warehouse ID as it is from the supplier -->
                    <WarehouseID>WH001</WarehouseID>
                    
                    <Address>
                        <SimpleAddress>
                            <CountryCode>HU</CountryCode>
                            <PostalCode>1133</PostalCode>
                            <City>Budapest</City>
                            <AdditionalAddressDetail>Kárpát utca 999</AdditionalAddressDetail>
                        </SimpleAddress>
                    </Address>
                    
                </ShipFrom> 
                <ProductCode>PRD002</ProductCode>
                
                <ProductInformation>
                    <Quantity>10</Quantity>
                    <UnitOfMeasure>KG</UnitOfMeasure>
                    <StockAccountNo>23000</StockAccountNo>
                    <UOMToUOMPhysicalStockConversionFactor>1</UOMToUOMPhysicalStockConversionFactor>
                </ProductInformation>
                
                <BookValue>50</BookValue>
                <MovementType>101</MovementType>
                <MovementSubType>I</MovementSubType>
                <MovementComments>Supplier Delivery Note from PO001</MovementComments>
                
            </Line>
            
        </StockMovementLines>
        
        <!-- -->
        <!-- Asset Transactions -->
        <!-- -->
        
        <AssetTransactions>
            
            <NumberOfAssetTransactions>2</NumberOfAssetTransactions>
            
            <AssetTransaction>
                <AssetTransactionID>ASSTR001</AssetTransactionID>
                <AssetID>VW001</AssetID>
                <AssetTransactionType>TR</AssetTransactionType>
                <Description>Volkswagen POLO</Description>
                <AssetTransactionDate>2019-01-02</AssetTransactionDate>
                
                <Partner>
                    <PartnerName>VW Budapest</PartnerName>
                    <PartnerID>PART099</PartnerID>
                </Partner>
                
                <TransactionID>TR034</TransactionID>
                
                <AssetTransactionValuations>
                    <AssetTransactionValuation>
                        <AssetValuationType>AC</AssetValuationType>
                        <AssetTransactionAmount>100000</AssetTransactionAmount>
                        <DebitCreditIndicator>D</DebitCreditIndicator>
                    </AssetTransactionValuation>
                </AssetTransactionValuations>
            </AssetTransaction>
            
            <AssetTransaction>
                
                <AssetTransactionID>ASSTR002</AssetTransactionID>
                <AssetID>MACH001</AssetID>
                <AssetTransactionType>RE</AssetTransactionType>
                <Description>Sewing Machine</Description>
                <AssetTransactionDate>2019-01-02</AssetTransactionDate>
                
                <Supplier>
                    <SupplierName>Sewing Company</SupplierName>
                    <SupplierID>SUPL040</SupplierID>
                </Supplier>
                
                <TransactionID>TR040</TransactionID>
                
                <AssetTransactionValuations>
                    <AssetTransactionValuation>
                        <AssetValuationType>AC</AssetValuationType>
                        <AssetTransactionAmount>200000</AssetTransactionAmount>
                        <DebitCreditIndicator>D</DebitCreditIndicator>
                    </AssetTransactionValuation>
                </AssetTransactionValuations>
            </AssetTransaction>
            
        </AssetTransactions>
        
    </TransactionalData>
    
    <!-- -->
    <!-- Reporting Data -->
    <!-- -->
    
    <ReportingData>
        
        <!-- -->
        <!-- Physical Stock -->
        <!-- -->
        
        <PhysicalStock>
            
            <NumberOfEntries>1</NumberOfEntries>
            
            <PhysicalStockEntry>
                
                <WarehouseID>WH001</WarehouseID>
                <ProductCode>PRD001</ProductCode>
                <StockAccountNos>
                    <StockAccountNo>23000</StockAccountNo>
                </StockAccountNos>
                <StandardProductType>PS</StandardProductType>
                <CompanyProductTypes>
                    <CompanyProductType>DAIRYPROD</CompanyProductType>
                </CompanyProductTypes>           
                <ProductStatus>ACTIVE</ProductStatus>
                
                <!-- If there is any consignment, and the Owner is not the company. The supplier must be on Master Data -->
                <OwnerSupplierID>SUP001</OwnerSupplierID>
                
                <ProductInformation>
                    <Quantity>5</Quantity>
                    <UnitOfMeasure>LTR</UnitOfMeasure>
                    <UOMToUOMPhysicalStockConversionFactor>-1</UOMToUOMPhysicalStockConversionFactor>
                </ProductInformation>
                
                <Price>10</Price>
                
                <StockCharacteristics>
                    <StockCharacteristic>Pack</StockCharacteristic>
                    <StockCharacteristicValue>XL</StockCharacteristicValue>
                </StockCharacteristics>
                
            </PhysicalStockEntry>
        
        </PhysicalStock>
        
        <!-- -->
        <!-- VAT Analytics -->
        <!-- -->   
        
        <VATAnalytics>
            
            <NumberOfEntries>2</NumberOfEntries>
            <TotalInputTaxAmount>27</TotalInputTaxAmount>
            <TotalOutputTaxAmount>54</TotalOutputTaxAmount>
            <VATBalance>27</VATBalance>
            
            <VATPeriods>
            
                <VATPeriod>
                
                    <TaxDeclarationPeriodType>M</TaxDeclarationPeriodType>
                    <TaxDeclarationPeriod>1901</TaxDeclarationPeriod>
                    
                    <Line>
                    
                        <LineNumber>1</LineNumber>
                        <VATAccountID>467</VATAccountID>
                        
                        <!-- Unique source document or the aggregated posting -->
                        <SourceDocumentID>AGR001</SourceDocumentID>
                        <SourceDocumentDate>2019-01-11</SourceDocumentDate>
                        <TaxPointDate>2019-01-11</TaxPointDate>
                        <GLPostingDate>2019-01-11</GLPostingDate>
                        
                        <Taxinformation>
                        
                            <TaxType>104</TaxType>
                            <TaxCode>VAT27</TaxCode>
                            <TaxPercentage>27</TaxPercentage>
                            <TaxBase>200</TaxBase>
                            
                            <TaxAmount>
                                <AmountHUF>54</AmountHUF>
                                <Amount>54</Amount>
                                <CurrencyCode>HUF</CurrencyCode>
                                <CurrencyAmount>54</CurrencyAmount>
                            </TaxAmount>
                            
                        </Taxinformation>
                        
                        <TransactionID>TR0001</TransactionID>
                        <CustomerID>CST001</CustomerID>
                        
                    </Line>
                    
                    <Line>
                        
                        <LineNumber>2</LineNumber>
                        <VATAccountID>466</VATAccountID>
                        
                        <!-- Unique source document or the aggregated posting -->
                        <SourceDocumentID>AGR002</SourceDocumentID>
                        <SourceDocumentDate>2019-01-11</SourceDocumentDate>
                        <TaxPointDate>2019-01-11</TaxPointDate>
                        <GLPostingDate>2019-01-11</GLPostingDate>
                        
                        <Taxinformation>
                        
                            <TaxType>104</TaxType>
                            <TaxCode>VAT27</TaxCode>
                            <TaxPercentage>27</TaxPercentage>
                            <TaxBase>100</TaxBase>
                            
                            <TaxAmount>
                                <AmountHUF>27</AmountHUF>
                                <Amount>27</Amount>
                                <CurrencyCode>HUF</CurrencyCode>
                                <CurrencyAmount>27</CurrencyAmount>
                            </TaxAmount>
                            
                        </Taxinformation>
                        
                        <TransactionID>TR0002</TransactionID>
                        <SupplierID>SUP001</SupplierID>
                        
                    </Line>
                    
                </VATPeriod>
                
            </VATPeriods>
            
        </VATAnalytics>
        
        <!-- -->
        <!-- Grouping Ledger -->
        <!-- -->   
        
        <GroupingLedger>
        
            <NumberOfEntries>2</NumberOfEntries>
            
            <Transaction>
            
                <TransactionID>AGR001</TransactionID>
                
                <SourceDocument>
                
                    <SourceDocumentID>INV001</SourceDocumentID>
                    <CreditAmount>
                        <Amount>120</Amount>
                    </CreditAmount>
                    
                </SourceDocument>
                
                <SourceDocument>
                
                    <SourceDocumentID>INV002</SourceDocumentID>
                    <CreditAmount>
                        <Amount>80</Amount>
                    </CreditAmount>
                    
                </SourceDocument>
                
            </Transaction>
            
            <Transaction>
            
                <TransactionID>AGR002</TransactionID>
                
                <SourceDocument>
                
                    <SourceDocumentID>INDOC01</SourceDocumentID>
                    <DebitAmount>
                        <Amount>30</Amount>
                    </DebitAmount>
                    
                </SourceDocument>
                
                <SourceDocument>
                
                    <SourceDocumentID>INDOC02</SourceDocumentID>
                    <DebitAmount>
                        <Amount>70</Amount>
                    </DebitAmount>
                    
                </SourceDocument>
                
            </Transaction>
            
        </GroupingLedger>
        
        <!-- -->
        <!-- OutStanding Invoices -->
        <!-- -->   
        
        <OutStandingInvoices>
        
            <NumberOfEntries>2</NumberOfEntries>
            
            <OutStandingInvoice>
            
                <SystemID>CUSTOUT001</SystemID>
                
                <InvoicePartnerData>
                    <CustomerSupplierCode>C</CustomerSupplierCode>
                    <CustomerID>CST001</CustomerID>
                </InvoicePartnerData>
                
                <SourceDocumentDate>2019-12-19</SourceDocumentDate>
                <GLPostingDate>2020-10-09</GLPostingDate>
                <DueDate>
                    <DueDateDate>2020-10-09</DueDateDate>
                </DueDate>
                <PaymentDate>2020-01-20</PaymentDate>
                <PaymentDelay>32</PaymentDelay>
                <Description>Invoice Posting</Description>
                
                <DebitAmount>
                    <Amount>1375999138.08</Amount>
                    <CurrencyCode>HUF</CurrencyCode>
                    <CurrencyAmount>1375999138.08</CurrencyAmount>
                </DebitAmount>
                
                <CreditAmount>
                    <Amount>635157355.84</Amount>
                    <CurrencyCode>HUF</CurrencyCode>
                    <CurrencyAmount>635157355.84</CurrencyAmount>
                </CreditAmount>
                
                <Balance>
                    <Amount>740841782.24</Amount>
                    <CurrencyCode>HUF</CurrencyCode>
                    <CurrencyAmount>740841782.24</CurrencyAmount>
                </Balance>
                
            </OutStandingInvoice>
            
            <OutStandingInvoice>
            
                <SystemID>SUPPOUT001</SystemID>
                
                <InvoicePartnerData>
                    <CustomerSupplierCode>S</CustomerSupplierCode>
                    <SupplierID>SUP001</SupplierID>
                </InvoicePartnerData>
                
                <SourceDocumentDate>2021-02-04</SourceDocumentDate>
                <GLPostingDate>2021-03-08</GLPostingDate>
                <DueDate>
                    <DueDateDate>2020-10-28</DueDateDate>
                </DueDate>
                <PaymentDate>2021-05-20</PaymentDate>
                <PaymentDelay>105</PaymentDelay>
                <Description>Invoice Posting</Description>
                
                <DebitAmount>
                    <Amount>1626821567.85</Amount>
                    <CurrencyCode>HUF</CurrencyCode>
                    <CurrencyAmount>1626821567.85</CurrencyAmount>
                </DebitAmount>
                
                <CreditAmount>
                    <Amount>1024400026.07</Amount>
                    <CurrencyCode>HUF</CurrencyCode>
                    <CurrencyAmount>1024400026.07</CurrencyAmount>
                </CreditAmount>
                
                <Balance>
                    <Amount>602421541.78</Amount>
                    <CurrencyCode>HUF</CurrencyCode>
                    <CurrencyAmount>602421541.78</CurrencyAmount>
                </Balance>
                
            </OutStandingInvoice>
            
        </OutStandingInvoices>
        
        <!-- -->
        <!-- General Ledger Statement -->
        <!-- -->   
        
        <GeneralLedgerStatement>
        
            <NumberOfEntries>2</NumberOfEntries>
            
            <Accounts>
            
                <AccountID>1</AccountID>
                <OpeningDebitBalance>5727.16</OpeningDebitBalance>
                <ClosingDebitBalance>3509228.87</ClosingDebitBalance>
                <TotalDebit>3503501.71</TotalDebit>
                <TotalCredit>0</TotalCredit>
                
            </Accounts>
            
            <Accounts>
            
                <AccountID>11</AccountID>
                <OpeningDebitBalance>5727.16</OpeningDebitBalance>
                <ClosingDebitBalance>3509228.87</ClosingDebitBalance>
                <TotalDebit>3503501.71</TotalDebit>
                <TotalCredit>0</TotalCredit>
                
            </Accounts>
            
            <Accounts>
            
                <AccountID>115</AccountID>
                <OpeningDebitBalance>5727.16</OpeningDebitBalance>
                <ClosingDebitBalance>3509228.87</ClosingDebitBalance>
                <TotalDebit>3503501.71</TotalDebit>
                <TotalCredit>0</TotalCredit>
                
            </Accounts>
            
            <Accounts>
            
                <AccountID>115001</AccountID>
                <OpeningDebitBalance>5727.16</OpeningDebitBalance>
                <ClosingDebitBalance>3509228.87</ClosingDebitBalance>
                <TotalDebit>3503501.71</TotalDebit>
                <TotalCredit>0</TotalCredit>
                
            </Accounts>
            
            <Accounts>
            
                <AccountID>21</AccountID>
                <OpeningDebitBalance>5727.16</OpeningDebitBalance>
                <ClosingDebitBalance>3509228.87</ClosingDebitBalance>
                <TotalDebit>3503501.71</TotalDebit>
                <TotalCredit>0</TotalCredit>
                
            </Accounts>
            
            <Accounts>
            
                <AccountID>211</AccountID>
                <OpeningDebitBalance>5727.16</OpeningDebitBalance>
                <ClosingDebitBalance>3509228.87</ClosingDebitBalance>
                <TotalDebit>3503501.71</TotalDebit>
                <TotalCredit>0</TotalCredit>
                
            </Accounts>
            
            <Accounts>
            
                <AccountID>2111</AccountID>
                <OpeningDebitBalance>5727.16</OpeningDebitBalance>
                <ClosingDebitBalance>3509228.87</ClosingDebitBalance>
                <TotalDebit>3503501.71</TotalDebit>
                <TotalCredit>0</TotalCredit>
                
            </Accounts>
            
            <Accounts>
            
                <AccountID>22</AccountID>
                <OpeningDebitBalance>5727.16</OpeningDebitBalance>
                <ClosingDebitBalance>3509228.87</ClosingDebitBalance>
                <TotalDebit>3503501.71</TotalDebit>
                <TotalCredit>0</TotalCredit>
                
            </Accounts>
            
            <Accounts>
            
                <AccountID>221</AccountID>
                <OpeningDebitBalance>5727.16</OpeningDebitBalance>
                <ClosingDebitBalance>3509228.87</ClosingDebitBalance>
                <TotalDebit>3503501.71</TotalDebit>
                <TotalCredit>0</TotalCredit>
                
            </Accounts>
            
            <Accounts>
            
                <AccountID>2211</AccountID>
                <OpeningDebitBalance>5727.16</OpeningDebitBalance>
                <ClosingDebitBalance>3509228.87</ClosingDebitBalance>
                <TotalDebit>3503501.71</TotalDebit>
                <TotalCredit>0</TotalCredit>
                
            </Accounts>
            
            <Accounts>
            
                <AccountID>71</AccountID>
                <OpeningDebitBalance>11454.32</OpeningDebitBalance>
                <ClosingDebitBalance>7018457.74</ClosingDebitBalance>
                <TotalDebit>7007003.42</TotalDebit>
                <TotalCredit>0</TotalCredit>
                
            </Accounts>
            
            <Accounts>
            
                <AccountID>711</AccountID>
                <OpeningDebitBalance>5727.16</OpeningDebitBalance>
                <ClosingDebitBalance>3509228.87</ClosingDebitBalance>
                <TotalDebit>3503501.71</TotalDebit>
                <TotalCredit>0</TotalCredit>
                
            </Accounts>
            
            <Accounts>
            
                <AccountID>712</AccountID>
                <OpeningDebitBalance>5727.16</OpeningDebitBalance>
                <ClosingDebitBalance>3509228.87</ClosingDebitBalance>
                <TotalDebit>3503501.71</TotalDebit>
                <TotalCredit>0</TotalCredit>
                
            </Accounts>
            
        </GeneralLedgerStatement>
        
        <!-- -->
        <!-- Customer Analytics -->
        <!-- -->   
        
        <CustomerAnalytics>
        
            <NumberOfEntries>2</NumberOfEntries>
            
            <CustomerAnalyticsEntry>
            
                <CustomerInfo>
                    <CustomerID>CST001</CustomerID>
                </CustomerInfo>
                
                <SourceDocument>
                
                    <SystemID>DOCNUM001</SystemID>
                    <SourceDocumentID>INV001</SourceDocumentID>
                    <SourceDocumentDate>2019-01-14</SourceDocumentDate>
                    <DueDate>
                        <DueDateDate>2019-01-14</DueDateDate>
                    </DueDate>
                    <PaymentDate>2019-01-14</PaymentDate>
                    <DocumentTotals>
                        <NetTotal>
                            <Amount>100</Amount>
                            <CurrencyCode>HUF</CurrencyCode>
                            <CurrencyAmount>100</CurrencyAmount>
                        </NetTotal>
                        <GrossTotal>
                            <Amount>127</Amount>
                            <CurrencyCode>HUF</CurrencyCode>
                            <CurrencyAmount>127</CurrencyAmount>
                        </GrossTotal>
                    </DocumentTotals>
                    
                </SourceDocument>
                
                <OpeningDebitBalance>97125</OpeningDebitBalance>
                <ClosingDebitBalance>97225</ClosingDebitBalance>
                
            </CustomerAnalyticsEntry>
            
            <CustomerAnalyticsEntry>
            
                <CustomerInfo>
                    <Name>SuperMarkets of Pest</Name>
                    <BillingAddress>
                        <SimpleAddress>
                            <CountryCode>HU</CountryCode>
                            <PostalCode>1007</PostalCode>
                            <City>Budapest</City>
                            <AdditionalAddressDetail>Kárpát utca 999</AdditionalAddressDetail>
                        </SimpleAddress>
                    </BillingAddress>
                    <TaxNumber>1887654461</TaxNumber>
                </CustomerInfo>
                
                <SourceDocument>
                
                    <SystemID>DOCNUM002</SystemID>
                    <SourceDocumentID>INV002</SourceDocumentID>
                    <SourceDocumentDate>2019-01-14</SourceDocumentDate>
                    <DueDate>
                        <DueDateDate>2019-01-14</DueDateDate>
                    </DueDate>
                    <PaymentDate>2019-01-14</PaymentDate>
                    <DocumentTotals>
                        <NetTotal>
                            <Amount>100</Amount>
                            <CurrencyCode>HUF</CurrencyCode>
                            <CurrencyAmount>100</CurrencyAmount>
                        </NetTotal>
                        <GrossTotal>
                            <Amount>127</Amount>
                            <CurrencyCode>HUF</CurrencyCode>
                            <CurrencyAmount>127</CurrencyAmount>
                        </GrossTotal>
                    </DocumentTotals>
                    
                </SourceDocument>
                
                <OpeningDebitBalance>678523</OpeningDebitBalance>
                <ClosingDebitBalance>678623</ClosingDebitBalance>
                
            </CustomerAnalyticsEntry>
            
        </CustomerAnalytics>
        
        <!-- -->
        <!-- Supplier Analytics -->
        <!-- -->   
        
        <SupplierAnalytics>
        
            <NumberOfEntries>2</NumberOfEntries>
            
            <SupplierAnalyticsEntry>
            
                <SupplierInfo>
                    <SupplierID>SUP001</SupplierID>
                </SupplierInfo>
                
                <SourceDocuments>
                
                    <SystemID>INDOC001</SystemID>
                    <SourceDocumentID>INV001</SourceDocumentID>
                    <DueDate>
                        <DueDateDate>2019-01-14</DueDateDate>
                    </DueDate>
                    <PaymentDate>2019-01-14</PaymentDate>
                    <DocumentTotals>
                        <NetTotal>
                            <Amount>100</Amount>
                            <CurrencyCode>HUF</CurrencyCode>
                            <CurrencyAmount>100</CurrencyAmount>
                        </NetTotal>
                        <GrossTotal>
                            <Amount>127</Amount>
                            <CurrencyCode>HUF</CurrencyCode>
                            <CurrencyAmount>127</CurrencyAmount>
                        </GrossTotal>
                    </DocumentTotals>
                    
                </SourceDocuments>
                
                <OpeningCreditBalance>97125</OpeningCreditBalance>
                <ClosingCreditBalance>97225</ClosingCreditBalance>
                
            </SupplierAnalyticsEntry>
            
            <SupplierAnalyticsEntry>
            
                <SupplierInfo>
                    <Name>SpartacusMarkets</Name>
                    <BillingAddress>
                        <SimpleAddress>
                            <CountryCode>HU</CountryCode>
                            <PostalCode>1133</PostalCode>
                            <City>Budapest</City>
                            <AdditionalAddressDetail>Hóvirág utca 15</AdditionalAddressDetail>
                        </SimpleAddress>
                    </BillingAddress>
                </SupplierInfo>
                
                <SourceDocuments>
                
                    <SystemID>INDOC002</SystemID>
                    <SourceDocumentID>INV002</SourceDocumentID>
                    <DueDate>
                        <DueDateDate>2019-01-14</DueDateDate>
                    </DueDate>
                    <PaymentDate>2019-01-14</PaymentDate>
                    <DocumentTotals>
                        <NetTotal>
                            <Amount>100</Amount>
                            <CurrencyCode>HUF</CurrencyCode>
                            <CurrencyAmount>100</CurrencyAmount>
                        </NetTotal>
                        <GrossTotal>
                            <Amount>127</Amount>
                            <CurrencyCode>HUF</CurrencyCode>
                            <CurrencyAmount>127</CurrencyAmount>
                        </GrossTotal>
                    </DocumentTotals>
                    
                </SourceDocuments>
                
                <OpeningCreditBalance>678523</OpeningCreditBalance>
                <ClosingCreditBalance>678623</ClosingCreditBalance>
                
            </SupplierAnalyticsEntry>
            
        </SupplierAnalytics>
        
    </ReportingData>
    
</AuditFile>
